@ARTICLE{Ding2020,
       author = {{Ding}, Xuheng and {Silverman}, John and {Treu}, Tommaso and
         {Schulze}, Andreas and {Schramm}, Malte and {Birrer}, Simon and
         {Park}, Daeseong and {Jahnke}, Knud and {Bennert}, Vardha N. and
         {Kartaltepe}, Jeyhan S. and {Koekemoer}, Anton M. and
         {Malkan}, Matthew A. and {Sanders}, David},
        title = "{The Mass Relations between Supermassive Black Holes and Their Host Galaxies at 1†\&lt;†z \&lt; 2 HST-WFC3}",
      journal = {\apj},
     keywords = {Galaxy evolution, Active galaxies, Astrophysics - Astrophysics of Galaxies},
         year = 2020,
        month = jan,
       volume = {888},
       number = {1},
          eid = {37},
        pages = {37},
          doi = {10.3847/1538-4357/ab5b90},
archivePrefix = {arXiv},
       eprint = {1910.11875},
 primaryClass = {astro-ph.GA},
       adsurl = {https://ui.adsabs.harvard.edu/abs/2020ApJ...888...37D},
      adsnote = {Provided by the SAO/NASA Astrophysics Data System}
}



@ARTICLE{Springel2001,
       author = {{Springel}, Volker and {White}, Simon D.~M. and {Tormen}, Giuseppe and
         {Kauffmann}, Guinevere},
        title = "{Populating a cluster of galaxies - I. Results at [formmu2]z=0}",
      journal = {\mnras},
     keywords = {GALAXIES: CLUSTERS: GENERAL, GALAXIES: FORMATION, DARK MATTER, Astrophysics},
         year = 2001,
        month = dec,
       volume = {328},
       number = {3},
        pages = {726-750},
          doi = {10.1046/j.1365-8711.2001.04912.x},
archivePrefix = {arXiv},
       eprint = {astro-ph/0012055},
 primaryClass = {astro-ph},
       adsurl = {https://ui.adsabs.harvard.edu/abs/2001MNRAS.328..726S},
      adsnote = {Provided by the SAO/NASA Astrophysics Data System}
}




@ARTICLE{Pelupessy2007,
       author = {{Pelupessy}, Federico I. and {Di Matteo}, Tiziana and
         {Ciardi}, Benedetta},
        title = "{How Rapidly Do Supermassive Black Hole ``Seeds'' Grow at Early Times?}",
      journal = {\apj},
     keywords = {Cosmology: Theory, Galaxies: Active, Galaxies: Evolution, Galaxies: Formation, Hydrodynamics, Galaxies: Quasars: General, Astrophysics},
         year = 2007,
        month = aug,
       volume = {665},
       number = {1},
        pages = {107-119},
          doi = {10.1086/519235},
archivePrefix = {arXiv},
       eprint = {astro-ph/0703773},
 primaryClass = {astro-ph},
       adsurl = {https://ui.adsabs.harvard.edu/abs/2007ApJ...665..107P},
      adsnote = {Provided by the SAO/NASA Astrophysics Data System}
}



@ARTICLE{Ford2014,
   author = {{Ford}, K.~E.~S. and {McKernan}, B. and {Sivaramakrishnan}, A. and 
	{Martel}, A.~R. and {Koekemoer}, A. and {Lafreni{\`e}re}, D. and 
	{Parmentier}, S.},
    title = "{Active Galactic Nucleus and Quasar Science with Aperture Masking Interferometry on the James Webb Space Telescope}",
  journal = {\apj},
archivePrefix = "arXiv",
   eprint = {1401.0545},
 primaryClass = "astro-ph.IM",
 keywords = {accretion, accretion disks, galaxies: active, galaxies: Seyfert, instrumentation: interferometers, methods: data analysis, quasars: general, space vehicles: instruments, techniques: high angular resolution, techniques: image processing},
     year = 2014,
    month = mar,
   volume = 783,
      eid = {73},
    pages = {73},
      doi = {10.1088/0004-637X/783/2/73},
   adsurl = {http://adsabs.harvard.edu/abs/2014ApJ...783...73F},
  adsnote = {Provided by the SAO/NASA Astrophysics Data System}
}


@ARTICLE{Menci2016,
       author = {{Menci}, N. and {Fiore}, F. and {Bongiorno}, A. and {Lamastra}, A.},
        title = "{Relative growth of black holes and the stellar components of galaxies}",
      journal = {\aap},
     keywords = {galaxies: formation, galaxies: nuclei, galaxies: evolution, Astrophysics - Astrophysics of Galaxies},
         year = "2016",
        month = "Oct",
       volume = {594},
          eid = {A99},
        pages = {A99},
          doi = {10.1051/0004-6361/201628415},
archivePrefix = {arXiv},
       eprint = {1605.09592},
 primaryClass = {astro-ph.GA},
       adsurl = {https://ui.adsabs.harvard.edu/abs/2016A&A...594A..99M},
      adsnote = {Provided by the SAO/NASA Astrophysics Data System}
}

@ARTICLE{Menci2014,
       author = {{Menci}, N. and {Gatti}, M. and {Fiore}, F. and {Lamastra}, A.},
        title = "{Triggering active galactic nuclei in hierarchical galaxy formation: disk instability vs. interactions}",
      journal = {\aap},
     keywords = {galaxies: formation, galaxies: active, galaxies: evolution, galaxies: interactions, Astrophysics - Astrophysics of Galaxies},
         year = "2014",
        month = "Sep",
       volume = {569},
          eid = {A37},
        pages = {A37},
          doi = {10.1051/0004-6361/201424217},
archivePrefix = {arXiv},
       eprint = {1406.7740},
 primaryClass = {astro-ph.GA},
       adsurl = {https://ui.adsabs.harvard.edu/abs/2014A&A...569A..37M},
      adsnote = {Provided by the SAO/NASA Astrophysics Data System}
}

@ARTICLE{Khandai2015,
   author = {{Khandai}, N. and {Di Matteo}, T. and {Croft}, R. and {Wilkins}, S. and 
	{Feng}, Y. and {Tucker}, E. and {DeGraf}, C. and {Liu}, M.-S.
	},
    title = "{The MassiveBlack-II simulation: the evolution of haloes and galaxies to z $\sim$ 0}",
  journal = {\mnras},
archivePrefix = "arXiv",
   eprint = {1402.0888},
 keywords = {methods: numerical, galaxies: evolution, galaxies: formation, quasars: general, cosmology: theory, large-scale structure of Universe},
     year = 2015,
    month = jun,
   volume = 450,
    pages = {1349-1374},
      doi = {10.1093/mnras/stv627},
   adsurl = {http://adsabs.harvard.edu/abs/2015MNRAS.450.1349K},
  adsnote = {Provided by the SAO/NASA Astrophysics Data System}
}

@ARTICLE{Bentz2018,
       author = {{Bentz}, Misty C. and {Manne-Nicholas}, Emily},
        title = "{Black Hole-Galaxy Scaling Relationships for Active Galactic Nuclei with Reverberation Masses}",
      journal = {\apj},
     keywords = {galaxies: active, galaxies: photometry, galaxies: Seyfert, quasars: supermassive black holes, Astrophysics - Astrophysics of Galaxies},
         year = "2018",
        month = "Sep",
       volume = {864},
       number = {2},
          eid = {146},
        pages = {146},
          doi = {10.3847/1538-4357/aad808},
archivePrefix = {arXiv},
       eprint = {1808.01329},
 primaryClass = {astro-ph.GA},
       adsurl = {https://ui.adsabs.harvard.edu/abs/2018ApJ...864..146B},
      adsnote = {Provided by the SAO/NASA Astrophysics Data System}
}



@misc{adjustText,
  author       = {Ilya Flyamer and
                  Colin and
                  Zhuyi Xue and
                  Andy Li and
                  Victor Vazquez and
                  Nader Morshed and
                  Christophe Van Neste and
                  scaine1 and
                  mski_iksm},
  title        = {Phlya/adjustText: Trying zenodo},
  month        = nov,
  year         = 2018,
  doi          = {10.5281/zenodo.1494343},
  url          = {https://doi.org/10.5281/zenodo.1494343}
}

@misc{photutils,
  author       = {Larry Bradley and
                  Brigitta Sipocz and
                  Thomas Robitaille and
                  Erik Tollerud and
                  Z√® Vin√≠cius and
                  Christoph Deil and
                  Kyle Barbary and
                  Hans Moritz G√ºnther and
                  Mihai Cara and
                  Michael Droettboom and
                  Azalee Bostroem and
                  Erik Bray and
                  Lars Andersen Bratholm and
                  T. E. Pickering and
                  Matt Craig and
                  Geert Barentsen and
                  Sergio Pascual and
                  adonath and
                  Johnny Greco and
                  Wolfgang Kerzendorf and
                  StuartLittlefair and
                  Leonardo Ferreira and
                  Francesco D'Eugenio and
                  Benjamin Alan Weaver},
  title        = {astropy/photutils: v0.3},
  month        = nov,
  year         = 2016,
  doi          = {10.5281/zenodo.164986},
  url          = {https://doi.org/10.5281/zenodo.164986}
}

@ARTICLE{Suh2015,
   author = {{Suh}, H. and {Hasinger}, G. and {Steinhardt}, C. and {Silverman}, J.~D. and 
	{Schramm}, M.},
    title = "{Eddington Ratio Distribution of X-Ray-selected Broad-line AGNs at 1.0 $\lt$ z $\lt$ 2.2}",
  journal = {\apj},
archivePrefix = "arXiv",
   eprint = {1511.01092},
 keywords = {black hole physics, galaxies: active, galaxies: nuclei, quasars: general},
     year = 2015,
    month = dec,
   volume = 815,
      eid = {129},
    pages = {129},
      doi = {10.1088/0004-637X/815/2/129},
   adsurl = {http://adsabs.harvard.edu/abs/2015ApJ...815..129S},
  adsnote = {Provided by the SAO/NASA Astrophysics Data System}
}


@ARTICLE{Schulze2010,
       author = {{Schulze}, A. and {Wisotzki}, L.},
        title = "{Low redshift AGN in the Hamburg/ESO Survey . II. The active black hole mass function and the distribution function of Eddington ratios}",
      journal = {\aap},
     keywords = {galaxies: active, galaxies: nuclei, quasars: general, Astrophysics - Cosmology and Nongalactic Astrophysics},
         year = "2010",
        month = "Jun",
       volume = {516},
          eid = {A87},
        pages = {A87},
          doi = {10.1051/0004-6361/201014193},
archivePrefix = {arXiv},
       eprint = {1004.2671},
 primaryClass = {astro-ph.CO},
       adsurl = {https://ui.adsabs.harvard.edu/abs/2010A&A...516A..87S},
      adsnote = {Provided by the SAO/NASA Astrophysics Data System}
}


@ARTICLE{Birrer2018,
   author = {{Birrer}, S. and {Treu}, T. and {Rusu}, C.~E. and {Bonvin}, V. and 
	{Fassnacht}, C.~D. and {Chan}, J.~H.~H. and {Agnello}, A. and 
	{Shajib}, A.~J. and {Chen}, G.~C.-F. and {Auger}, M. and {Courbin}, F. and 
	{Hilbert}, S. and {Sluse}, D. and {Suyu}, S.~H. and {Wong}, K.~C. and 
	{Marshall}, P. and {Lemaux}, B.~C. and {Meylan}, G.},
    title = "{H0LiCOW - IX. Cosmographic analysis of the doubly imaged quasar SDSS 1206+4332 and a new measurement of the Hubble constant}",
  journal = {arXiv e-prints},
archivePrefix = "arXiv",
   eprint = {1809.01274},
 keywords = {Astrophysics - Cosmology and Nongalactic Astrophysics},
     year = 2018,
    month = sep,
   adsurl = {http://adsabs.harvard.edu/abs/2018arXiv180901274B},
  adsnote = {Provided by the SAO/NASA Astrophysics Data System}
}

@ARTICLE{Birrer2015,
   author = {{Birrer}, S. and {Amara}, A. and {Refregier}, A.},
    title = "{Gravitational Lens Modeling with Basis Sets}",
  journal = {\apj},
archivePrefix = "arXiv",
   eprint = {1504.07629},
 keywords = {cosmological parameters, distance scale, gravitational lensing: strong, methods: numerical},
     year = 2015,
    month = nov,
   volume = 813,
      eid = {102},
    pages = {102},
      doi = {10.1088/0004-637X/813/2/102},
   adsurl = {https://ui.adsabs.harvard.edu/abs/2015ApJ...813..102B},
  adsnote = {Provided by the SAO/NASA Astrophysics Data System}
}


@ARTICLE{Chen2016,
   author = {{Chen}, G.~C.-F. and {Suyu}, S.~H. and {Wong}, K.~C. and {Fassnacht}, C.~D. and 
	{Chiueh}, T. and {Halkola}, A. and {Hu}, I.~S. and {Auger}, M.~W. and 
	{Koopmans}, L.~V.~E. and {Lagattuta}, D.~J. and {McKean}, J.~P. and 
	{Vegetti}, S.},
    title = "{SHARP - III. First use of adaptive-optics imaging to constrain cosmology with gravitational lens time delays}",
  journal = {\mnras},
archivePrefix = "arXiv",
   eprint = {1601.01321},
 keywords = {gravitational lensing: strong, instrumentation: adaptive optics, methods: data analysis, distance scale},
     year = 2016,
    month = nov,
   volume = 462,
    pages = {3457-3475},
      doi = {10.1093/mnras/stw991},
   adsurl = {http://adsabs.harvard.edu/abs/2016MNRAS.462.3457C},
  adsnote = {Provided by the SAO/NASA Astrophysics Data System}
}


@ARTICLE{Kim2008,
   author = {{Kim}, M. and {Ho}, L.~C. and {Peng}, C.~Y. and {Barth}, A.~J. and 
	{Im}, M.},
    title = "{Decomposition of the Host Galaxies of Active Galactic Nuclei Using Hubble Space Telescope Images}",
  journal = {\apjs},
archivePrefix = "arXiv",
   eprint = {0807.1334},
 keywords = {galaxies: active, galaxies: photometry, techniques: image processing},
     year = 2008,
    month = dec,
   volume = 179,
    pages = {283-305},
      doi = {10.1086/591796},
   adsurl = {http://adsabs.harvard.edu/abs/2008ApJS..179..283K},
  adsnote = {Provided by the SAO/NASA Astrophysics Data System}
}


@ARTICLE{lenstronomy,
   author = {{Birrer}, S. and {Amara}, A.},
    title = "{lenstronomy: Multi-purpose gravitational lens modelling software package}",
  journal = {Physics of the Dark Universe},
archivePrefix = "arXiv",
   eprint = {1803.09746},
 keywords = {Gravitational lensing, Software, Image simulations},
     year = 2018,
    month = dec,
   volume = 22,
    pages = {189-201},
      doi = {10.1016/j.dark.2018.11.002},
   adsurl = {http://adsabs.harvard.edu/abs/2018PDU....22..189B},
  adsnote = {Provided by the SAO/NASA Astrophysics Data System}
}

@ARTICLE{Mechtley2012,
   author = {{Mechtley}, M. and {Windhorst}, R.~A. and {Ryan}, R.~E. and 
	{Schneider}, G. and {Cohen}, S.~H. and {Jansen}, R.~A. and {Fan}, X. and 
	{Hathi}, N.~P. and {Keel}, W.~C. and {Koekemoer}, A.~M. and 
	{R{\"o}ttgering}, H. and {Scannapieco}, E. and {Schneider}, D.~P. and 
	{Strauss}, M.~A. and {Yan}, H.~J.},
    title = "{Near-infrared Imaging of a z = 6.42 Quasar Host Galaxy with the Hubble Space Telescope Wide Field Camera 3}",
  journal = {\apjl},
archivePrefix = "arXiv",
   eprint = {1207.3283},
 primaryClass = "astro-ph.CO",
 keywords = {galaxies: high-redshift, methods: observational, quasars: individual: SDSS J1148+5251},
     year = 2012,
    month = sep,
   volume = 756,
      eid = {L38},
    pages = {L38},
      doi = {10.1088/2041-8205/756/2/L38},
   adsurl = {http://adsabs.harvard.edu/abs/2012ApJ...756L..38M},
  adsnote = {Provided by the SAO/NASA Astrophysics Data System}
}


@ARTICLE{Laigle2016,
   author = {{Laigle}, C. and {McCracken}, H.~J. and {Ilbert}, O. and {Hsieh}, B.~C. and 
	{Davidzon}, I. and {Capak}, P. and {Hasinger}, G. and {Silverman}, J.~D. and 
	{Pichon}, C. and {Coupon}, J. and {Aussel}, H. and {Le Borgne}, D. and 
	{Caputi}, K. and {Cassata}, P. and {Chang}, Y.-Y. and {Civano}, F. and 
	{Dunlop}, J. and {Fynbo}, J. and {Kartaltepe}, J.~S. and {Koekemoer}, A. and 
	{Le F{\`e}vre}, O. and {Le Floc'h}, E. and {Leauthaud}, A. and 
	{Lilly}, S. and {Lin}, L. and {Marchesi}, S. and {Milvang-Jensen}, B. and 
	{Salvato}, M. and {Sanders}, D.~B. and {Scoville}, N. and {Smolcic}, V. and 
	{Stockmann}, M. and {Taniguchi}, Y. and {Tasca}, L. and {Toft}, S. and 
	{Vaccari}, M. and {Zabl}, J.},
    title = "{The COSMOS2015 Catalog: Exploring the 1 $\lt$ z $\lt$ 6 Universe with Half a Million Galaxies}",
  journal = {\apjs},
archivePrefix = "arXiv",
   eprint = {1604.02350},
 keywords = {catalogs, galaxies: evolution, galaxies: high-redshift, galaxies: photometry, methods: observational, techniques: photometric},
     year = 2016,
    month = jun,
   volume = 224,
      eid = {24},
    pages = {24},
      doi = {10.3847/0067-0049/224/2/24},
   adsurl = {http://adsabs.harvard.edu/abs/2016ApJS..224...24L},
  adsnote = {Provided by the SAO/NASA Astrophysics Data System}
}


@article{McG++08,
	Adsnote = {Provided by the SAO/NASA Astrophysics Data System},
	Adsurl = {http://adsabs.harvard.edu/abs/2008ApJ...673..703M},
	Archiveprefix = {arXiv},
	Author = {{McGill}, K.~L. and {Woo}, {J.-H.} and {Treu}, T. and {Malkan}, M.~A.},
	Doi = {10.1086/524349},
	Eprint = {0710.1839},
	Journal = {\apj},
	Keywords = {Black Hole Physics, Galaxies: Active, Galaxies: Evolution, Galaxies: Quasars: General},
	Month = feb,
	Pages = {703-714},
	Title = {{Comparing and Calibrating Black Hole Mass Estimators for Distant Active Galactic Nuclei}},
	Volume = 673,
	Year = 2008,
	Bdsk-Url-1 = {http://dx.doi.org/10.1086/524349}}

@ARTICLE{Shen2013,
   author = {{Shen}, Y.},
    title = "{The mass of quasars}",
  journal = {Bulletin of the Astronomical Society of India},
archivePrefix = "arXiv",
   eprint = {1302.2643},
 primaryClass = "astro-ph.CO",
 keywords = {black hole physics, galaxies: active, quasars: general, surveys},
     year = 2013,
    month = mar,
   volume = 41,
    pages = {61-115},
   adsurl = {http://adsabs.harvard.edu/abs/2013BASI...41...61S},
  adsnote = {Provided by the SAO/NASA Astrophysics Data System}
}


@ARTICLE{Peterson2004,
   author = {{Peterson}, B.~M. and {Ferrarese}, L. and {Gilbert}, K.~M. and 
	{Kaspi}, S. and {Malkan}, M.~A. and {Maoz}, D. and {Merritt}, D. and 
	{Netzer}, H. and {Onken}, C.~A. and {Pogge}, R.~W. and {Vestergaard}, M. and 
	{Wandel}, A.},
    title = "{Central Masses and Broad-Line Region Sizes of Active Galactic Nuclei. II. A Homogeneous Analysis of a Large Reverberation-Mapping Database}",
  journal = {\apj},
   eprint = {astro-ph/0407299},
 keywords = {Galaxies: Active, Galaxies: Nuclei, Galaxies: Seyfert, Galaxies: Quasars: Emission Lines},
     year = 2004,
    month = oct,
   volume = 613,
    pages = {682-699},
      doi = {10.1086/423269},
   adsurl = {http://adsabs.harvard.edu/abs/2004ApJ...613..682P},
  adsnote = {Provided by the SAO/NASA Astrophysics Data System}
}


@ARTICLE{Gallazzi2009,
   author = {{Gallazzi}, A. and {Bell}, E.~F.},
    title = "{Stellar Mass-to-Light Ratios from Galaxy Spectra: How Accurate Can They Be?}",
  journal = {\apjs},
archivePrefix = "arXiv",
   eprint = {0910.1591},
 keywords = {galaxies: fundamental parameters, galaxies: stellar content, methods: data analysis},
     year = 2009,
    month = dec,
   volume = 185,
    pages = {253-272},
      doi = {10.1088/0067-0049/185/2/253},
   adsurl = {http://adsabs.harvard.edu/abs/2009ApJS..185..253G},
  adsnote = {Provided by the SAO/NASA Astrophysics Data System}
}


@ARTICLE{Scoville2007,
   author = {{Scoville}, N. and {Abraham}, R.~G. and {Aussel}, H. and {Barnes}, J.~E. and 
	{Benson}, A. and {Blain}, A.~W. and {Calzetti}, D. and {Comastri}, A. and 
	{Capak}, P. and {Carilli}, C. and {Carlstrom}, J.~E. and {Carollo}, C.~M. and 
	{Colbert}, J. and {Daddi}, E. and {Ellis}, R.~S. and {Elvis}, M. and 
	{Ewald}, S.~P. and {Fall}, M. and {Franceschini}, A. and {Giavalisco}, M. and 
	{Green}, W. and {Griffiths}, R.~E. and {Guzzo}, L. and {Hasinger}, G. and 
	{Impey}, C. and {Kneib}, J.-P. and {Koda}, J. and {Koekemoer}, A. and 
	{Lefevre}, O. and {Lilly}, S. and {Liu}, C.~T. and {McCracken}, H.~J. and 
	{Massey}, R. and {Mellier}, Y. and {Miyazaki}, S. and {Mobasher}, B. and 
	{Mould}, J. and {Norman}, C. and {Refregier}, A. and {Renzini}, A. and 
	{Rhodes}, J. and {Rich}, M. and {Sanders}, D.~B. and {Schiminovich}, D. and 
	{Schinnerer}, E. and {Scodeggio}, M. and {Sheth}, K. and {Shopbell}, P.~L. and 
	{Taniguchi}, Y. and {Tyson}, N.~D. and {Urry}, C.~M. and {Van Waerbeke}, L. and 
	{Vettolani}, P. and {White}, S.~D.~M. and {Yan}, L.},
    title = "{COSMOS: Hubble Space Telescope Observations}",
  journal = {\apjs},
   eprint = {astro-ph/0612306},
 keywords = {Cosmology: Observations, Cosmology: Dark Matter, Galaxies: Evolution, Galaxies: Formation, Cosmology: Large-Scale Structure of Universe, Surveys},
     year = 2007,
    month = sep,
   volume = 172,
    pages = {38-45},
      doi = {10.1086/516580},
   adsurl = {http://adsabs.harvard.edu/abs/2007ApJS..172...38S},
  adsnote = {Provided by the SAO/NASA Astrophysics Data System}
}

@ARTICLE{Aird2015,
   author = {{Aird}, J. and {Coil}, A.~L. and {Georgakakis}, A. and {Nandra}, K. and 
	{Barro}, G. and {P{\'e}rez-Gonz{\'a}lez}, P.~G.},
    title = "{The evolution of the X-ray luminosity functions of unabsorbed and absorbed AGNs out to z$\tilde$ 5}",
  journal = {\mnras},
archivePrefix = "arXiv",
   eprint = {1503.01120},
 primaryClass = "astro-ph.HE",
 keywords = {galaxies: active, galaxies: evolution, galaxies: luminosity function, mass function, X-rays: galaxies},
     year = 2015,
    month = aug,
   volume = 451,
    pages = {1892-1927},
      doi = {10.1093/mnras/stv1062},
   adsurl = {http://adsabs.harvard.edu/abs/2015MNRAS.451.1892A},
  adsnote = {Provided by the SAO/NASA Astrophysics Data System}
}



@ARTICLE{Schulze2014,
   author = {{Schulze}, A. and {Wisotzki}, L.},
    title = "{Accounting for selection effects in the BH-bulge relations: no evidence for cosmological evolution}",
  journal = {\mnras},
archivePrefix = "arXiv",
   eprint = {1312.5610},
 keywords = {galaxies: active, galaxies: nuclei, quasars: general},
     year = 2014,
    month = mar,
   volume = 438,
    pages = {3422-3433},
      doi = {10.1093/mnras/stt2457},
   adsurl = {http://adsabs.harvard.edu/abs/2014MNRAS.438.3422S},
  adsnote = {Provided by the SAO/NASA Astrophysics Data System}
}


@ARTICLE{Schulze2011,
   author = {{Schulze}, A. and {Wisotzki}, L.},
    title = "{Selection effects in the black hole-bulge relation and its evolution}",
  journal = {\aap},
archivePrefix = "arXiv",
   eprint = {1109.2787},
 keywords = {galaxies: active, galaxies: nuclei, quasars: general},
     year = 2011,
    month = nov,
   volume = 535,
      eid = {A87},
    pages = {A87},
      doi = {10.1051/0004-6361/201117564},
   adsurl = {http://adsabs.harvard.edu/abs/2011A%26A...535A..87S},
  adsnote = {Provided by the SAO/NASA Astrophysics Data System}
}


@ARTICLE{Ding2017a,
   author = {{Ding}, X. and {Liao}, K. and {Treu}, T. and {Suyu}, S.~H. and 
	{Chen}, G.~C.-F. and {Auger}, M.~W. and {Marshall}, P.~J. and 
	{Agnello}, A. and {Courbin}, F. and {Nierenberg}, A.~M. and 
	{Rusu}, C.~E. and {Sluse}, D. and {Sonnenfeld}, A. and {Wong}, K.~C.
	},
    title = "{H0LiCOW. VI. Testing the fidelity of lensed quasar host galaxy reconstruction}",
  journal = {\mnras},
archivePrefix = "arXiv",
   eprint = {1610.08504},
 keywords = {black hole physics, galaxies: active, galaxies: evolution},
     year = 2017,
    month = mar,
   volume = 465,
    pages = {4634-4649},
      doi = {10.1093/mnras/stw3078},
   adsurl = {http://adsabs.harvard.edu/abs/2017MNRAS.465.4634D},
  adsnote = {Provided by the SAO/NASA Astrophysics Data System}
}


@ARTICLE{Trakhtenbrot2012,
   author = {{Trakhtenbrot}, B. and {Netzer}, H.},
    title = "{Black hole growth to z = 2 - I. Improved virial methods for measuring M$_{BH}$ and L/L$_{Edd}$}",
  journal = {\mnras},
archivePrefix = "arXiv",
   eprint = {1209.1096},
 keywords = {galaxies: active, galaxies: nuclei, quasars: emission lines - quasars: general},
     year = 2012,
    month = dec,
   volume = 427,
    pages = {3081-3102},
      doi = {10.1111/j.1365-2966.2012.22056.x},
   adsurl = {http://adsabs.harvard.edu/abs/2012MNRAS.427.3081T},
  adsnote = {Provided by the SAO/NASA Astrophysics Data System}
}


@ARTICLE{Baskin2005,
   author = {{Baskin}, A. and {Laor}, A.},
    title = "{What controls the CIV line profile in active galactic nuclei?}",
  journal = {\mnras},
   eprint = {astro-ph/0409196},
 keywords = {galaxies: active, quasars: emission lines, quasars: general, ultraviolet: galaxies},
     year = 2005,
    month = jan,
   volume = 356,
    pages = {1029-1044},
      doi = {10.1111/j.1365-2966.2004.08525.x},
   adsurl = {http://adsabs.harvard.edu/abs/2005MNRAS.356.1029B},
  adsnote = {Provided by the SAO/NASA Astrophysics Data System}
}


@ARTICLE{Cisternas2011,
   author = {{Cisternas}, M. and {Jahnke}, K. and {Bongiorno}, A. and {Inskip}, K.~J. and 
	{Impey}, C.~D. and {Koekemoer}, A.~M. and {Merloni}, A. and 
	{Salvato}, M. and {Trump}, J.~R.},
    title = "{Secular Evolution and a Non-evolving Black-hole-to-galaxy Mass Ratio in the Last 7 Gyr}",
  journal = {\apjl},
archivePrefix = "arXiv",
   eprint = {1109.4633},
 primaryClass = "astro-ph.CO",
 keywords = {galaxies: active, galaxies: evolution, galaxies: nuclei},
     year = 2011,
    month = nov,
   volume = 741,
      eid = {L11},
    pages = {L11},
      doi = {10.1088/2041-8205/741/1/L11},
   adsurl = {http://adsabs.harvard.edu/abs/2011ApJ...741L..11C},
  adsnote = {Provided by the SAO/NASA Astrophysics Data System}
}



@article{Woo++08,
	Adsnote = {Provided by the SAO/NASA Astrophysics Data System},
	Adsurl = {http://adsabs.harvard.edu/abs/2008ApJ...681..925W},
	Archiveprefix = {arXiv},
	Author = {{Woo}, J.-H. and {Treu}, T. and {Malkan}, M.~A. and {Blandford}, R.~D.},
	Doi = {10.1086/588804},
	Eprint = {0804.0235},
	Journal = {\apj},
	Keywords = {Accretion, Accretion Disks, Galaxies: Active, Galaxies: Evolution, Galaxies: Quasars: General},
	Month = jul,
	Pages = {925-930},
	Title = {{Cosmic Evolution of Black Holes and Spheroids. III. The MBH-sigma Relation in the Last Six Billion Years}},
	Volume = 681,
	Year = 2008,
	Bdsk-Url-1 = {http://dx.doi.org/10.1086/588804}}


@ARTICLE{Bennert11,
   author = {{Bennert}, V.~N. and {Auger}, M.~W. and {Treu}, T. and {Woo}, J.-H. and 
	{Malkan}, M.~A.},
    title = "{The Relation between Black Hole Mass and Host Spheroid Stellar Mass Out to z \~{} 2}",
  journal = {\apj},
archivePrefix = "arXiv",
   eprint = {1102.1975},
 keywords = {accretion, accretion disks, black hole physics, galaxies: active, galaxies: evolution, quasars: general},
     year = 2011,
    month = dec,
   volume = 742,
      eid = {107},
    pages = {107},
      doi = {10.1088/0004-637X/742/2/107},
   adsurl = {http://adsabs.harvard.edu/abs/2011ApJ...742..107B},
  adsnote = {Provided by the SAO/NASA Astrophysics Data System}
}

@ARTICLE{Bennert++2011,
   author = {{Bennert}, V.~N. and {Auger}, M.~W. and {Treu}, T. and {Woo}, J.-H. and 
	{Malkan}, M.~A.},
    title = "{A Local Baseline of the Black Hole Mass Scaling Relations for Active Galaxies. I. Methodology and Results of Pilot Study}",
  journal = {\apj},
archivePrefix = "arXiv",
   eprint = {1008.4602},
 keywords = {accretion, accretion disks, black hole physics, galaxies: active, galaxies: evolution, quasars: general},
     year = 2011,
    month = jan,
   volume = 726,
      eid = {59},
    pages = {59},
      doi = {10.1088/0004-637X/726/2/59},
   adsurl = {http://adsabs.harvard.edu/abs/2011ApJ...726...59B},
  adsnote = {Provided by the SAO/NASA Astrophysics Data System}
}


@ARTICLE{Ding2017b,
   author = {{Ding}, X. and {Treu}, T. and {Suyu}, S.~H. and {Wong}, K.~C. and 
	{Morishita}, T. and {Park}, D. and {Sluse}, D. and {Auger}, M.~W. and 
	{Agnello}, A. and {Bennert}, V.~N. and {Collett}, T.~E.},
    title = "{H0LiCOW VII: cosmic evolution of the correlation between black hole mass and host galaxy luminosity}",
  journal = {\mnras},
archivePrefix = "arXiv",
   eprint = {1703.02041},
 keywords = {black hole physics, galaxies: active, galaxies: evolution},
     year = 2017,
    month = nov,
   volume = 472,
    pages = {90-103},
      doi = {10.1093/mnras/stx1972},
   adsurl = {http://adsabs.harvard.edu/abs/2017MNRAS.472...90D},
  adsnote = {Provided by the SAO/NASA Astrophysics Data System}
}


@article{Pen++06qsob,
	Adsnote = {Provided by the Smithsonian/NASA Astrophysics Data System},
	Adsurl = {http://adsabs.harvard.edu/cgi-bin/nph-bib_query?bibcode=2006ApJ...649..616P&db_key=AST},
	Author = {{Peng}, C.~Y. and {Impey}, C.~D. and {Rix}, H.-W. and {Kochanek}, C.~S. and {Keeton}, C.~R. and {Falco}, E.~E. and {Leh{\'a}r}, J. and {McLeod}, B.~A.},
	Doi = {10.1086/506266},
	Eprint = {astro-ph/0603248},
	Journal = {\apj},
	Month = oct,
	Pages = {616-634},
	Title = {{Probing the Coevolution of Supermassive Black Holes and Galaxies Using Gravitationally Lensed Quasar Hosts}},
	Volume = 649,
	Year = 2006,
	Bdsk-Url-1 = {http://dx.doi.org/10.1086/506266}}

@article{Tre++07,
	Adsnote = {Provided by the SAO/NASA Astrophysics Data System},
	Adsurl = {http://adsabs.harvard.edu/abs/2007ApJ...667..117T},
	Archiveprefix = {arXiv},
	Author = {{Treu}, T. and {Woo}, J.-H. and {Malkan}, M.~A. and {Blandford}, R.~D.},
	Doi = {10.1086/520633},
	Eprint = {0706.0519},
	Journal = {\apj},
	Keywords = {Accretion, Accretion Disks, Black Hole Physics, Galaxies: Active, Galaxies: Evolution, Galaxies: Quasars: General},
	Month = sep,
	Pages = {117-130},
	Title = {{Cosmic Evolution of Black Holes and Spheroids. II. Scaling Relations at z=0.36}},
	Volume = 667,
	Year = 2007,
	Bdsk-Url-1 = {http://dx.doi.org/10.1086/520633}}

@article{TMB04,
	Adsnote = {Provided by the SAO/NASA Astrophysics Data System},
	Adsurl = {http://adsabs.harvard.edu/abs/2004ApJ...615L..97T},
	Author = {{Treu}, T. and {Malkan}, M.~A. and {Blandford}, R.~D.},
	Doi = {10.1086/426437},
	Eprint = {arXiv:astro-ph/0410007},
	Journal = {\apjl},
	Keywords = {Galaxies: Elliptical and Lenticular, cD, Galaxies: Evolution, Galaxies: Formation},
	Month = nov,
	Pages = {L97-L100},
	Title = {{The Relation Between Black Hole Mass and Velocity Dispersion at z \~{} 0.37}},
	Volume = 615,
	Year = 2004,
	Bdsk-Url-1 = {http://dx.doi.org/10.1086/426437}}

@ARTICLE{Hirschmann2010,
   author = {{Hirschmann}, M. and {Khochfar}, S. and {Burkert}, A. and {Naab}, T. and 
	{Genel}, S. and {Somerville}, R.~S.},
    title = "{On the evolution of the intrinsic scatter in black hole versus galaxy mass relations}",
  journal = {\mnras},
archivePrefix = "arXiv",
   eprint = {1005.2100},
 keywords = {methods: numerical, methods: statistical, galaxies: bulges, galaxies: evolution},
     year = 2010,
    month = sep,
   volume = 407,
    pages = {1016-1032},
      doi = {10.1111/j.1365-2966.2010.17006.x},
   adsurl = {http://adsabs.harvard.edu/abs/2010MNRAS.407.1016H},
  adsnote = {Provided by the SAO/NASA Astrophysics Data System}
}


@ARTICLE{Jahnke2011,
   author = {{Jahnke}, K. and {Macci{\`o}}, A.~V.},
    title = "{The Non-causal Origin of the Black-hole-galaxy Scaling Relations}",
  journal = {\apj},
archivePrefix = "arXiv",
   eprint = {1006.0482},
 keywords = {galaxies: bulges, galaxies: evolution, galaxies: fundamental parameters, galaxies: nuclei},
     year = 2011,
    month = jun,
   volume = 734,
      eid = {92},
    pages = {92},
      doi = {10.1088/0004-637X/734/2/92},
   adsurl = {http://adsabs.harvard.edu/abs/2011ApJ...734...92J},
  adsnote = {Provided by the SAO/NASA Astrophysics Data System}
}


@ARTICLE{Peng2007,
   author = {{Peng}, C.~Y.},
    title = "{How Mergers May Affect the Mass Scaling Relation between Gravitationally Bound Systems}",
  journal = {\apj},
archivePrefix = "arXiv",
   eprint = {0704.1860},
 keywords = {Cosmology: Theory, Galaxies: Bulges, Galaxies: Evolution, Galaxies: Formation, Galaxies: Statistics},
     year = 2007,
    month = dec,
   volume = 671,
    pages = {1098-1107},
      doi = {10.1086/522774},
   adsurl = {http://adsabs.harvard.edu/abs/2007ApJ...671.1098P},
  adsnote = {Provided by the SAO/NASA Astrophysics Data System}
}


@ARTICLE{Matteo2008,
   author = {{Di Matteo}, T. and {Colberg}, J. and {Springel}, V. and {Hernquist}, L. and 
	{Sijacki}, D.},
    title = "{Direct Cosmological Simulations of the Growth of Black Holes and Galaxies}",
  journal = {\apj},
archivePrefix = "arXiv",
   eprint = {0705.2269},
 keywords = {cosmology: theory, galaxies: active, galaxies: evolution, galaxies: formation, hydrodynamics, quasars: general},
     year = 2008,
    month = mar,
   volume = 676,
    pages = {33-53},
      doi = {10.1086/524921},
   adsurl = {http://adsabs.harvard.edu/abs/2008ApJ...676...33D},
  adsnote = {Provided by the SAO/NASA Astrophysics Data System}
}


@ARTICLE{Hopkins2008,
   author = {{Hopkins}, P.~F. and {Hernquist}, L. and {Cox}, T.~J. and {Kere{\v s}}, D.
	},
    title = "{A Cosmological Framework for the Co-Evolution of Quasars, Supermassive Black Holes, and Elliptical Galaxies. I. Galaxy Mergers and Quasar Activity}",
  journal = {\apjs},
archivePrefix = "arXiv",
   eprint = {0706.1243},
 keywords = {cosmology: theory, galaxies: active, galaxies: evolution, quasars: general},
     year = 2008,
    month = apr,
   volume = 175,
    pages = {356-389},
      doi = {10.1086/524362},
   adsurl = {http://adsabs.harvard.edu/abs/2008ApJS..175..356H},
  adsnote = {Provided by the SAO/NASA Astrophysics Data System}
}


@ARTICLE{Springel2005,
   author = {{Springel}, V. and {White}, S.~D.~M. and {Jenkins}, A. and {Frenk}, C.~S. and 
	{Yoshida}, N. and {Gao}, L. and {Navarro}, J. and {Thacker}, R. and 
	{Croton}, D. and {Helly}, J. and {Peacock}, J.~A. and {Cole}, S. and 
	{Thomas}, P. and {Couchman}, H. and {Evrard}, A. and {Colberg}, J. and 
	{Pearce}, F.},
    title = "{Simulations of the formation, evolution and clustering of galaxies and quasars}",
  journal = {\nat},
   eprint = {astro-ph/0504097},
     year = 2005,
    month = jun,
   volume = 435,
    pages = {629-636},
      doi = {10.1038/nature03597},
   adsurl = {http://adsabs.harvard.edu/abs/2005Natur.435..629S},
  adsnote = {Provided by the SAO/NASA Astrophysics Data System}
}


@ARTICLE{Kormendy13,
   author = {{Kormendy}, J. and {Ho}, L.~C.},
    title = "{Coevolution (Or Not) of Supermassive Black Holes and Host Galaxies}",
  journal = {\araa},
archivePrefix = "arXiv",
   eprint = {1304.7762},
     year = 2013,
    month = aug,
   volume = 51,
    pages = {511-653},
      doi = {10.1146/annurev-astro-082708-101811},
   adsurl = {http://adsabs.harvard.edu/abs/2013ARA%26A..51..511K},
  adsnote = {Provided by the SAO/NASA Astrophysics Data System}
}

@ARTICLE{Park15,
   author = {{Park}, D. and {Woo}, J.-H. and {Bennert}, V.~N. and {Treu}, T. and 
	{Auger}, M.~W. and {Malkan}, M.~A.},
    title = "{Cosmic Evolution of Black Holes and Spheroids. V. The Relation between Black Hole Mass and Host Galaxy Luminosity for a Sample of 79 Active Galaxies}",
  journal = {\apj},
archivePrefix = "arXiv",
   eprint = {1411.6334},
 keywords = {galaxies: evolution, quasars: emission lines},
     year = 2015,
    month = feb,
   volume = 799,
      eid = {164},
    pages = {164},
      doi = {10.1088/0004-637X/799/2/164},
   adsurl = {http://adsabs.harvard.edu/abs/2015ApJ...799..164P},
  adsnote = {Provided by the SAO/NASA Astrophysics Data System}
}

@ARTICLE{Beifi2012,
   author = {{Beifiori}, A. and {Courteau}, S. and {Corsini}, E.~M. and {Zhu}, Y.
	},
    title = "{On the correlations between galaxy properties and supermassive black hole mass}",
  journal = {\mnras},
archivePrefix = "arXiv",
   eprint = {1109.6265},
 keywords = {black hole physics, galaxies: fundamental parameters, galaxies: kinematics and dynamics, galaxies: photometry, galaxies: statistics},
     year = 2012,
    month = jan,
   volume = 419,
    pages = {2497-2528},
      doi = {10.1111/j.1365-2966.2011.19903.x},
   adsurl = {http://adsabs.harvard.edu/abs/2012MNRAS.419.2497B},
  adsnote = {Provided by the SAO/NASA Astrophysics Data System}
}

@ARTICLE{Gra++2011,
   author = {{Graham}, A.~W. and {Onken}, C.~A. and {Athanassoula}, E. and 
	{Combes}, F.},
    title = "{An expanded M$_{bh}$-{$\sigma$} diagram, and a new calibration of active galactic nuclei masses}",
  journal = {\mnras},
archivePrefix = "arXiv",
   eprint = {1007.3834},
 keywords = {black hole physics, catalogues, galaxies: active, galaxies: nuclei, quasars: general, galaxies: Seyfert},
     year = 2011,
    month = apr,
   volume = 412,
    pages = {2211-2228},
      doi = {10.1111/j.1365-2966.2010.18045.x},
   adsurl = {http://adsabs.harvard.edu/abs/2011MNRAS.412.2211G},
  adsnote = {Provided by the SAO/NASA Astrophysics Data System}
}

@article{Gul++09,
	Adsnote = {Provided by the SAO/NASA Astrophysics Data System},
	Adsurl = {http://adsabs.harvard.edu/abs/2009ApJ...698..198G},
	Archiveprefix = {arXiv},
	Author = {{G{\"u}ltekin}, K. and {Richstone}, D.~O. and {Gebhardt}, K. and {Lauer}, T.~R. and {Tremaine}, S. and {Aller}, M.~C. and {Bender}, R. and {Dressler}, A. and {Faber}, S.~M. and {Filippenko}, A.~V. and {Green}, R. and {Ho}, L.~C. and {Kormendy}, J. and {Magorrian}, J. and {Pinkney}, J. and {Siopis}, C.},
	Doi = {10.1088/0004-637X/698/1/198},
	Eprint = {0903.4897},
	Journal = {\apj},
	Keywords = {black hole physics, galaxies: general, galaxies: nuclei, galaxies: statistics, stellar dynamics},
	Month = jun,
	Pages = {198-221},
	Title = {{The M-{$\sigma$} and M-L Relations in Galactic Bulges, and Determinations of Their Intrinsic Scatter}},
	Volume = 698,
	Year = 2009,
	Bdsk-Url-1 = {http://dx.doi.org/10.1088/0004-637X/698/1/198}}

@article{H+R04,
	Adsnote = {Provided by the Smithsonian/NASA Astrophysics Data System},
	Adsurl = {http://adsabs.harvard.edu/cgi-bin/nph-bib_query?bibcode=2004ApJ...604L..89H&db_key=AST},
	Author = {{H{\"a}ring}, N. and {Rix}, H.-W.},
	Doi = {10.1086/383567},
	Eprint = {astro-ph/0402376},
	Journal = {\apjl},
	Month = apr,
	Pages = {L89-L92},
	Title = {{On the Black Hole Mass-Bulge Mass Relation}},
	Volume = 604,
	Year = 2004,
	Bdsk-Url-1 = {http://dx.doi.org/10.1086/383567}}

@article{M+H03,
	Adsnote = {Provided by the Smithsonian/NASA Astrophysics Data System},
	Adsurl = {http://adsabs.harvard.edu/cgi-bin/nph-bib_query?bibcode=2003ApJ...589L..21M&db_key=AST},
	Author = {{Marconi}, A. and {Hunt}, L.~K.},
	Doi = {10.1086/375804},
	Eprint = {astro-ph/0304274},
	Journal = {\apjl},
	Month = may,
	Pages = {L21-L24},
	Title = {{The Relation between Black Hole Mass, Bulge Mass, and Near-Infrared Luminosity}},
	Volume = 589,
	Year = 2003,
	Bdsk-Url-1 = {http://dx.doi.org/10.1086/375804}}

@article{Geb++01b,
	Adsnote = {Provided by the Smithsonian/NASA Astrophysics Data System},
	Adsurl = {http://adsabs.harvard.edu/cgi-bin/nph-bib_query?bibcode=2001ApJ...555L..75G&db_key=AST},
	Author = {{Gebhardt}, K. and {Bender}, R. and {Bower}, G. and {Dressler}, A. and {Faber}, S.~M. and {Filippenko}, A.~V. and {Green}, R. and {Grillmair}, C. and {Ho}, L.~C. and {Kormendy}, J. and {Lauer}, T.~R. and {Magorrian}, J. and {Pinkney}, J. and {Richstone}, D. and {Tremaine}, S.},
	Journal = {\apjl},
	Month = jul,
	Pages = {L75-L75},
	Title = {{Erratum: A Relationship between Nuclear Black Hole Mass and Galaxy Velocity Dispersion}},
	Volume = 555,
	Year = 2001}

@article{F+M00,
	Adsnote = {Provided by the Smithsonian/NASA Astrophysics Data System},
	Adsurl = {http://adsabs.harvard.edu/cgi-bin/nph-bib_query?bibcode=2000ApJ...539L...9F&db_key=AST},
	Author = {{Ferrarese}, L. and {Merritt}, D.},
	Doi = {10.1086/312838},
	Eprint = {astro-ph/0006053},
	Journal = {\apjl},
	Month = aug,
	Pages = {L9-L12},
	Title = {{A Fundamental Relation between Supermassive Black Holes and Their Host Galaxies}},
	Volume = 539,
	Year = 2000,
	Bdsk-Url-1 = {http://dx.doi.org/10.1086/312838}}

@article{Mag++98,
	Adsnote = {Provided by the Smithsonian/NASA Astrophysics Data System},
	Adsurl = {http://adsabs.harvard.edu/cgi-bin/nph-bib_query?bibcode=1998AJ....115.2285M&db_key=AST},
	Author = {{Magorrian}, J. and {Tremaine}, S. and {Richstone}, D. and {Bender}, R. and {Bower}, G. and {Dressler}, A. and {Faber}, S.~M. and {Gebhardt}, K. and {Green}, R. and {Grillmair}, C. and {Kormendy}, J. and {Lauer}, T.},
	Doi = {10.1086/300353},
	Eprint = {astro-ph/9708072},
	Journal = {\aj},
	Month = jun,
	Pages = {2285-2305},
	Title = {{The Demography of Massive Dark Objects in Galaxy Centers}},
	Volume = 115,
	Year = 1998,
	Bdsk-Url-1 = {http://dx.doi.org/10.1086/300353}}

@ARTICLE{Civano2016,
    author = {{Civano}, F. and {Marchesi}, S. and {Comastri}, A. and {Urry}, M.~C. and 
 	{Elvis}, M. and {Cappelluti}, N. and {Puccetti}, S. and {Brusa}, M. and 
 	{Zamorani}, G. and {Hasinger}, G. and {Aldcroft}, T. and {Alexander}, D.~M. and 
 	{Allevato}, V. and {Brunner}, H. and {Capak}, P. and {Finoguenov}, A. and 
 	{Fiore}, F. and {Fruscione}, A. and {Gilli}, R. and {Glotfelty}, K. and 
 	{Griffiths}, R.~E. and {Hao}, H. and {Harrison}, F.~A. and {Jahnke}, K. and 
 	{Kartaltepe}, J. and {Karim}, A. and {LaMassa}, S.~M. and {Lanzuisi}, G. and 
 	{Miyaji}, T. and {Ranalli}, P. and {Salvato}, M. and {Sargent}, M. and 
 	{Scoville}, N.~J. and {Schawinski}, K. and {Schinnerer}, E. and 
 	{Silverman}, J. and {Smolcic}, V. and {Stern}, D. and {Toft}, S. and 
 	{Trakhtenbrot}, B. and {Treister}, E. and {Vignali}, C.},
     title = "{The Chandra Cosmos Legacy Survey: Overview and Point Source Catalog}",
   journal = {\apj},
 archivePrefix = "arXiv",
    eprint = {1601.00941},
  keywords = {catalogs, cosmology: observations, galaxies: evolution, quasars: general, surveys, X-rays: general},
      year = 2016,
     month = mar,
    volume = 819,
       eid = {62},
     pages = {62},
       doi = {10.3847/0004-637X/819/1/62},
    adsurl = {http://adsabs.harvard.edu/abs/2016ApJ...819...62C},
   adsnote = {Provided by the SAO/NASA Astrophysics Data System}
 }

@ARTICLE{Lehmer2005,
    author = {{Lehmer}, B.~D. and {Brandt}, W.~N. and {Alexander}, D.~M. and 
 	{Bauer}, F.~E. and {Schneider}, D.~P. and {Tozzi}, P. and {Bergeron}, J. and 
 	{Garmire}, G.~P. and {Giacconi}, R. and {Gilli}, R. and {Hasinger}, G. and 
 	{Hornschemeier}, A.~E. and {Koekemoer}, A.~M. and {Mainieri}, V. and 
 	{Miyaji}, T. and {Nonino}, M. and {Rosati}, P. and {Silverman}, J.~D. and 
 	{Szokoly}, G. and {Vignali}, C.},
     title = "{The Extended Chandra Deep Field-South Survey: Chandra Point-Source Catalogs}",
   journal = {\apjs},
    eprint = {astro-ph/0506607},
  keywords = {Cosmology: Observations, Cosmology: Diffuse Radiation, Galaxies: Active, Surveys, X-Rays},
      year = 2005,
     month = nov,
    volume = 161,
     pages = {21-40},
       doi = {10.1086/444590},
    adsurl = {http://adsabs.harvard.edu/abs/2005ApJS..161...21L},
   adsnote = {Provided by the SAO/NASA Astrophysics Data System}
 }

@ARTICLE{Xue2011,
    author = {{Xue}, Y.~Q. and {Luo}, B. and {Brandt}, W.~N. and {Bauer}, F.~E. and 
 	{Lehmer}, B.~D. and {Broos}, P.~S. and {Schneider}, D.~P. and 
 	{Alexander}, D.~M. and {Brusa}, M. and {Comastri}, A. and {Fabian}, A.~C. and 
 	{Gilli}, R. and {Hasinger}, G. and {Hornschemeier}, A.~E. and 
 	{Koekemoer}, A. and {Liu}, T. and {Mainieri}, V. and {Paolillo}, M. and 
 	{Rafferty}, D.~A. and {Rosati}, P. and {Shemmer}, O. and {Silverman}, J.~D. and 
 	{Smail}, I. and {Tozzi}, P. and {Vignali}, C.},
     title = "{The Chandra Deep Field-South Survey: 4 Ms Source Catalogs}",
   journal = {\apjs},
 archivePrefix = "arXiv",
    eprint = {1105.5643},
  keywords = {cosmology: observations, diffuse radiation, galaxies: active, surveys, X-rays: galaxies},
      year = 2011,
     month = jul,
    volume = 195,
       eid = {10},
     pages = {10},
       doi = {10.1088/0067-0049/195/1/10},
    adsurl = {http://adsabs.harvard.edu/abs/2011ApJS..195...10X},
   adsnote = {Provided by the SAO/NASA Astrophysics Data System}
 }

@ARTICLE{Ueda2008,
    author = {{Ueda}, Y. and {Watson}, M.~G. and {Stewart}, I.~M. and {Akiyama}, M. and 
 	{Schwope}, A.~D. and {Lamer}, G. and {Ebrero}, J. and {Carrera}, F.~J. and 
 	{Sekiguchi}, K. and {Yamada}, T. and {Simpson}, C. and {Hasinger}, G. and 
 	{Mateos}, S.},
     title = "{The Subaru/XMM-Newton Deep Survey (SXDS). III. X-Ray Data}",
   journal = {\apjs},
 archivePrefix = "arXiv",
    eprint = {0806.2846},
  keywords = {catalogs, diffuse radiation, galaxies: active, X-rays: galaxies, X-rays: general},
      year = 2008,
     month = nov,
    volume = 179,
     pages = {124-141},
       doi = {10.1086/591083},
    adsurl = {http://adsabs.harvard.edu/abs/2008ApJS..179..124U},
   adsnote = {Provided by the SAO/NASA Astrophysics Data System}
 }

@ARTICLE{Kimura2010,
    author = {{Kimura}, M. and {Maihara}, T. and {Iwamuro}, F. and {Akiyama}, M. and 
 	{Tamura}, N. and {Dalton}, G.~B. and {Takato}, N. and {Tait}, P. and 
 	{Ohta}, K. and {Eto}, S. and {Mochida}, D. and {Elms}, B. and 
 	{Kawate}, K. and {Kurakami}, T. and {Moritani}, Y. and {Noumaru}, J. and 
 	{Ohshima}, N. and {Sumiyoshi}, M. and {Yabe}, K. and {Brzeski}, J. and 
 	{Farrell}, T. and {Frost}, G. and {Gillingham}, P.~R. and {Haynes}, R. and 
 	{Moore}, A.~M. and {Muller}, R. and {Smedley}, S. and {Smith}, G. and 
 	{Bonfield}, D.~G. and {Brooks}, C.~B. and {Holmes}, A.~R. and 
 	{Curtis Lake}, E. and {Lee}, H. and {Lewis}, I.~J. and {Froud}, T.~R. and 
 	{Tosh}, I.~A. and {Woodhouse}, G.~F. and {Blackburn}, C. and 
 	{Content}, R. and {Dipper}, N. and {Murray}, G. and {Sharples}, R. and 
 	{Robertson}, D.~J.},
     title = "{Fibre Multi-Object Spectrograph (FMOS) for the Subaru Telescope}",
   journal = {\pasj},
  keywords = {cosmology: observations, instrumentation: spectrographs, surveys, telescopes: Subaru},
      year = 2010,
     month = oct,
    volume = 62,
     pages = {1135-1147},
       doi = {10.1093/pasj/62.5.1135},
    adsurl = {http://adsabs.harvard.edu/abs/2010PASJ...62.1135K},
   adsnote = {Provided by the SAO/NASA Astrophysics Data System}
 }


@ARTICLE{Schulze2018,
    author = {{Schulze}, A. and {Silverman}, J.~D. and {Kashino}, D. and {Akiyama}, M. and 
 	{Schramm}, M. and {Sanders}, D. and {Kartaltepe}, J. and {Daddi}, E. and 
 	{Rodighiero}, G. and {Renzini}, A. and {Arimoto}, N. and {Nagao}, T. and 
 	{Puglisi}, A. and {Trakhtenbrot}, B. and {Civano}, F. and {Suh}, H.
 	},
     title = "{An FMOS Survey of moderate-luminosity broad-line AGN in COSMOS, SXDS and E-CDF-S}",
   journal = {ArXiv e-prints},
 archivePrefix = "arXiv",
    eprint = {1810.07445},
  keywords = {Astrophysics - Astrophysics of Galaxies, Astrophysics - Cosmology and Nongalactic Astrophysics},
      year = 2018,
     month = oct,
    adsurl = {http://adsabs.harvard.edu/abs/2018arXiv181007445S},
   adsnote = {Provided by the SAO/NASA Astrophysics Data System}
 }

@ARTICLE{Matsuoka2013,
    author = {{Matsuoka}, K. and {Silverman}, J.~D. and {Schramm}, M. and 
 	{Steinhardt}, C.~L. and {Nagao}, T. and {Kartaltepe}, J. and 
 	{Sanders}, D.~B. and {Treister}, E. and {Hasinger}, G. and {Akiyama}, M. and 
 	{Ohta}, K. and {Ueda}, Y. and {Bongiorno}, A. and {Brandt}, W.~N. and 
 	{Brusa}, M. and {Capak}, P. and {Civano}, F. and {Comastri}, A. and 
 	{Elvis}, M. and {Lilly}, S.~J. and {Mainieri}, V. and {Masters}, D. and 
 	{Mignoli}, M. and {Salvato}, M. and {Trump}, J.~R. and {Taniguchi}, Y. and 
 	{Zamorani}, G. and {Alexander}, D.~M. and {Schawinski}, K.},
     title = "{A Comparative Analysis of Virial Black Hole Mass Estimates of Moderate-luminosity Active Galactic Nuclei Using Subaru/FMOS}",
   journal = {\apj},
 archivePrefix = "arXiv",
    eprint = {1301.2332},
  keywords = {black hole physics, galaxies: active, quasars: emission lines},
      year = 2013,
     month = jul,
    volume = 771,
       eid = {64},
     pages = {64},
       doi = {10.1088/0004-637X/771/1/64},
    adsurl = {http://adsabs.harvard.edu/abs/2013ApJ...771...64M},
   adsnote = {Provided by the SAO/NASA Astrophysics Data System}
 }

@ARTICLE{Nobuta2012,
    author = {{Nobuta}, K. and {Akiyama}, M. and {Ueda}, Y. and {Watson}, M.~G. and 
 	{Silverman}, J. and {Hiroi}, K. and {Ohta}, K. and {Iwamuro}, F. and 
 	{Yabe}, K. and {Tamura}, N. and {Moritani}, Y. and {Sumiyoshi}, M. and 
 	{Takato}, N. and {Kimura}, M. and {Maihara}, T. and {Dalton}, G. and 
 	{Lewis}, I. and {Bonfield}, D. and {Lee}, H. and {Curtis-Lake}, E. and 
 	{Macaulay}, E. and {Clarke}, F. and {Sekiguchi}, K. and {Simpson}, C. and 
 	{Croom}, S. and {Ouchi}, M. and {Hanami}, H. and {Yamada}, T.
 	},
     title = "{Black Hole Mass and Eddington Ratio Distribution Functions of X-Ray-selected Broad-line AGNs at z \~{} 1.4 in the Subaru XMM-Newton Deep Field}",
   journal = {\apj},
 archivePrefix = "arXiv",
    eprint = {1211.0069},
  keywords = {galaxies: active, galaxies: evolution, galaxies: statistics, quasars: emission lines, quasars: general},
      year = 2012,
     month = dec,
    volume = 761,
       eid = {143},
     pages = {143},
       doi = {10.1088/0004-637X/761/2/143},
    adsurl = {http://adsabs.harvard.edu/abs/2012ApJ...761..143N},
   adsnote = {Provided by the SAO/NASA Astrophysics Data System}
 }

@ARTICLE{Greene2005,
    author = {{Greene}, J.~E. and {Ho}, L.~C.},
     title = "{Estimating Black Hole Masses in Active Galaxies Using the H{$\alpha$} Emission Line}",
   journal = {\apj},
    eprint = {astro-ph/0508335},
  keywords = {Galaxies: Active, Galaxies: Jets, Galaxies: Nuclei, Galaxies: Seyfert, Galaxies: Quasars: General},
      year = 2005,
     month = sep,
    volume = 630,
     pages = {122-129},
       doi = {10.1086/431897},
    adsurl = {http://adsabs.harvard.edu/abs/2005ApJ...630..122G},
   adsnote = {Provided by the SAO/NASA Astrophysics Data System}
 }

@article{Ben++10,
 	Adsnote = {Provided by the SAO/NASA Astrophysics Data System},
 	Adsurl = {http://adsabs.harvard.edu/abs/2010ApJ...708.1507B},
 	Archiveprefix = {arXiv},
 	Author = {{Bennert}, V.~N. and {Treu}, T. and {Woo}, {J.-H.} and {Malkan}, M.~A. and {Le Bris}, A. and {Auger}, M.~W. and {Gallagher}, S. and {Blandford}, R.~D.},
 	Doi = {10.1088/0004-637X/708/2/1507},
 	Eprint = {0911.4107},
 	Journal = {\apj},
 	Keywords = {accretion, accretion disks, black hole physics, galaxies: active, galaxies: evolution, quasars: general},
 	Month = jan,
 	Pages = {1507-1527},
 	Title = {{Cosmic Evolution of Black Holes and Spheroids. IV. The M _{BH}-L _{sph} Relation}},
 	Volume = 708,
 	Year = 2010,
 	Bdsk-Url-1 = {http://dx.doi.org/10.1088/0004-637X/708/2/1507}}
 	
@ARTICLE{Peterson2004,
   author = {{Peterson}, B.~M. and {Ferrarese}, L. and {Gilbert}, K.~M. and 
	{Kaspi}, S. and {Malkan}, M.~A. and {Maoz}, D. and {Merritt}, D. and 
	{Netzer}, H. and {Onken}, C.~A. and {Pogge}, R.~W. and {Vestergaard}, M. and 
	{Wandel}, A.},
    title = "{Central Masses and Broad-Line Region Sizes of Active Galactic Nuclei. II. A Homogeneous Analysis of a Large Reverberation-Mapping Database}",
  journal = {\apj},
   eprint = {astro-ph/0407299},
 keywords = {Galaxies: Active, Galaxies: Nuclei, Galaxies: Seyfert, Galaxies: Quasars: Emission Lines},
     year = 2004,
    month = oct,
   volume = 613,
    pages = {682-699},
      doi = {10.1086/423269},
   adsurl = {http://adsabs.harvard.edu/abs/2004ApJ...613..682P},
  adsnote = {Provided by the SAO/NASA Astrophysics Data System}
}

 
@ARTICLE{Blanton07,
   author = {{Blanton}, M.~R. and {Roweis}, S.},
    title = "{K-Corrections and Filter Transformations in the Ultraviolet, Optical, and Near-Infrared}",
  journal = {\aj},
   eprint = {astro-ph/0606170},
 keywords = {galaxies: fundamental parameters, galaxies: photometry, galaxies: statistics},
     year = 2007,
    month = feb,
   volume = 133,
    pages = {734-754},
      doi = {10.1086/510127},
   adsurl = {http://adsabs.harvard.edu/abs/2007AJ....133..734B},
  adsnote = {Provided by the SAO/NASA Astrophysics Data System}
}

@article{Sal++06,
	Adsnote = {Provided by the Smithsonian/NASA Astrophysics Data System},
	Adsurl = {http://adsabs.harvard.edu/cgi-bin/nph-bib_query?bibcode=2006NewAR..50..803S&db_key=AST},
	Author = {{Salviander}, S. and {Shields}, G.~A. and {Gebhardt}, K. and {Bonning}, E.~W.},
	Doi = {10.1016/j.newar.2006.06.018},
	Eprint = {astro-ph/0612568},
	Journal = {New Astronomy Review},
	Month = nov,
	Pages = {803-805},
	Title = {{The black hole mass{\ndash}galaxy bulge relationship for QSOs in the SDSS DR3}},
	Volume = 50,
	Year = 2006,
	Bdsk-Url-1 = {http://dx.doi.org/10.1016/j.newar.2006.06.018}}
	
@article{Woo++06,
	Adsnote = {Provided by the SAO/NASA Astrophysics Data System},
	Adsurl = {http://adsabs.harvard.edu/abs/2006ApJ...645..900W},
	Author = {{Woo}, {J.-H.} and {Treu}, T. and {Malkan}, M.~A. and {Blandford}, R.~D.},
	Doi = {10.1086/504586},
	Eprint = {arXiv:astro-ph/0603648},
	Journal = {\apj},
	Keywords = {Accretion, Accretion Disks, Black Hole Physics, Galaxies: Active, Galaxies: Evolution, Galaxies: Quasars: General},
	Month = jul,
	Pages = {900-919},
	Title = {{Cosmic Evolution of Black Holes and Spheroids. I. The M_{BH}-{$\sigma$} Relation at z = 0.36}},
	Volume = 645,
	Year = 2006,
	Bdsk-Url-1 = {http://dx.doi.org/10.1086/504586}}
	
@article{Jah++09,
   author = {{Jahnke}, K. and {Bongiorno}, A. and {Brusa}, M. and {Capak}, P. and 
	{Cappelluti}, N. and {Cisternas}, M. and {Civano}, F. and {Colbert}, J. and 
	{Comastri}, A. and {Elvis}, M. and {Hasinger}, G. and {Ilbert}, O. and 
	{Impey}, C. and {Inskip}, K. and {Koekemoer}, A.~M. and {Lilly}, S. and 
	{Maier}, C. and {Merloni}, A. and {Riechers}, D. and {Salvato}, M. and 
	{Schinnerer}, E. and {Scoville}, N.~Z. and {Silverman}, J. and 
	{Taniguchi}, Y. and {Trump}, J.~R. and {Yan}, L.},
    title = "{Massive Galaxies in COSMOS: Evolution of Black Hole Versus Bulge Mass but not Versus Total Stellar Mass Over the Last 9 Gyr?}",
  journal = {\apjl},
archivePrefix = "arXiv",
   eprint = {0907.5199},
 keywords = {galaxies: active, galaxies: evolution, galaxies: fundamental parameters, galaxies: nuclei},
     year = 2009,
    month = dec,
   volume = 706,
    pages = {L215-L220},
      doi = {10.1088/0004-637X/706/2/L215},
   adsurl = {http://adsabs.harvard.edu/abs/2009ApJ...706L.215J},
  adsnote = {Provided by the SAO/NASA Astrophysics Data System}
}
	
@ARTICLE{SS13,
   author = {{Schramm}, M. and {Silverman}, J.~D.},
    title = "{The Black Hole-Bulge Mass Relation of Active Galactic Nuclei in the Extended Chandra Deep Field-South Survey}",
  journal = {\apj},
archivePrefix = "arXiv",
   eprint = {1212.2999},
 keywords = {galaxies: active, galaxies: evolution},
     year = 2013,
    month = apr,
   volume = 767,
      eid = {13},
    pages = {13},
      doi = {10.1088/0004-637X/767/1/13},
   adsurl = {http://adsabs.harvard.edu/abs/2013ApJ...767...13S},
  adsnote = {Provided by the SAO/NASA Astrophysics Data System}
}

@ARTICLE{DeG++15,
   author = {{DeGraf}, C. and {Di Matteo}, T. and {Treu}, T. and {Feng}, Y. and 
	{Woo}, J.-H. and {Park}, D.},
    title = "{Scaling relations between black holes and their host galaxies: comparing theoretical and observational measurements, and the impact of selection effects}",
  journal = {\mnras},
archivePrefix = "arXiv",
   eprint = {1412.4133},
 keywords = {black hole physics, methods: numerical, galaxies: active, galaxies: haloes, quasars: general},
     year = 2015,
    month = nov,
   volume = 454,
    pages = {913-932},
      doi = {10.1093/mnras/stv2002},
   adsurl = {http://adsabs.harvard.edu/abs/2015MNRAS.454..913D},
  adsnote = {Provided by the SAO/NASA Astrophysics Data System}
}	
	
@ARTICLE{Bruzual2003,
   author = {{Bruzual}, G. and {Charlot}, S.},
    title = "{Stellar population synthesis at the resolution of 2003}",
  journal = {\mnras},
   eprint = {astro-ph/0309134},
 keywords = {stars: evolution, galaxies: evolution, galaxies: formation, galaxies: stellar content},
     year = 2003,
    month = oct,
   volume = 344,
    pages = {1000-1028},
      doi = {10.1046/j.1365-8711.2003.06897.x},
   adsurl = {http://adsabs.harvard.edu/abs/2003MNRAS.344.1000B},
  adsnote = {Provided by the SAO/NASA Astrophysics Data System}
}

@ARTICLE{Treu2007,
   author = {{Treu}, T. and {Woo}, J.-H. and {Malkan}, M.~A. and {Blandford}, R.~D.
	},
    title = "{Cosmic Evolution of Black Holes and Spheroids. II. Scaling Relations at z=0.36}",
  journal = {\apj},
archivePrefix = "arXiv",
   eprint = {0706.0519},
 keywords = {Accretion, Accretion Disks, Black Hole Physics, Galaxies: Active, Galaxies: Evolution, Galaxies: Quasars: General},
     year = 2007,
    month = sep,
   volume = 667,
    pages = {117-130},
      doi = {10.1086/520633},
   adsurl = {http://adsabs.harvard.edu/abs/2007ApJ...667..117T},
  adsnote = {Provided by the SAO/NASA Astrophysics Data System}
}

@ARTICLE{Lauer2007,
   author = {{Lauer}, T.~R. and {Tremaine}, S. and {Richstone}, D. and {Faber}, S.~M.
	},
    title = "{Selection Bias in Observing the Cosmological Evolution of the M{$\sigma$} and M$_{?}$-L Relationships}",
  journal = {\apj},
archivePrefix = "arXiv",
   eprint = {0705.4103},
 keywords = {Galaxies: Evolution, Galaxies: Fundamental Parameters, Galaxies: Nuclei},
     year = 2007,
    month = nov,
   volume = 670,
    pages = {249-260},
      doi = {10.1086/522083},
   adsurl = {http://adsabs.harvard.edu/abs/2007ApJ...670..249L},
  adsnote = {Provided by the SAO/NASA Astrophysics Data System}
}

@ARTICLE{VDwel++2012,
   author = {{van der Wel}, A. and {Bell}, E.~F. and {H{\"a}ussler}, B. and 
	{McGrath}, E.~J. and {Chang}, Y.-Y. and {Guo}, Y. and {McIntosh}, D.~H. and 
	{Rix}, H.-W. and {Barden}, M. and {Cheung}, E. and {Faber}, S.~M. and 
	{Ferguson}, H.~C. and {Galametz}, A. and {Grogin}, N.~A. and 
	{Hartley}, W. and {Kartaltepe}, J.~S. and {Kocevski}, D.~D. and 
	{Koekemoer}, A.~M. and {Lotz}, J. and {Mozena}, M. and {Peth}, M.~A. and 
	{Peng}, C.~Y.},
    title = "{Structural Parameters of Galaxies in CANDELS}",
  journal = {\apjs},
archivePrefix = "arXiv",
   eprint = {1211.6954},
 primaryClass = "astro-ph.CO",
 keywords = {catalogs, galaxies: high-redshift, galaxies: statistics, galaxies: structure, surveys },
     year = 2012,
    month = dec,
   volume = 203,
      eid = {24},
    pages = {24},
      doi = {10.1088/0067-0049/203/2/24},
   adsurl = {http://adsabs.harvard.edu/abs/2012ApJS..203...24V},
  adsnote = {Provided by the SAO/NASA Astrophysics Data System}
}

@ARTICLE{Momcheva2016,
   author = {{Momcheva}, I.~G. and {Brammer}, G.~B. and {van Dokkum}, P.~G. and 
	{Skelton}, R.~E. and {Whitaker}, K.~E. and {Nelson}, E.~J. and 
	{Fumagalli}, M. and {Maseda}, M.~V. and {Leja}, J. and {Franx}, M. and 
	{Rix}, H.-W. and {Bezanson}, R. and {Da Cunha}, E. and {Dickey}, C. and 
	{F{\"o}rster Schreiber}, N.~M. and {Illingworth}, G. and {Kriek}, M. and 
	{Labb{\'e}}, I. and {Ulf Lange}, J. and {Lundgren}, B.~F. and 
	{Magee}, D. and {Marchesini}, D. and {Oesch}, P. and {Pacifici}, C. and 
	{Patel}, S.~G. and {Price}, S. and {Tal}, T. and {Wake}, D.~A. and 
	{van der Wel}, A. and {Wuyts}, S.},
    title = "{The 3D-HST Survey: Hubble Space Telescope WFC3/G141 Grism Spectra, Redshifts, and Emission Line Measurements for \~{} 100,000 Galaxies}",
  journal = {\apjs},
archivePrefix = "arXiv",
   eprint = {1510.02106},
 keywords = {catalogs, galaxies: evolution, methods: data analysis, techniques: spectroscopic},
     year = 2016,
    month = aug,
   volume = 225,
      eid = {27},
    pages = {27},
      doi = {10.3847/0067-0049/225/2/27},
   adsurl = {http://adsabs.harvard.edu/abs/2016ApJS..225...27M},
  adsnote = {Provided by the SAO/NASA Astrophysics Data System}
}

@ARTICLE{Brammer2012,
   author = {{Brammer}, G.~B. and {van Dokkum}, P.~G. and {Franx}, M. and 
	{Fumagalli}, M. and {Patel}, S. and {Rix}, H.-W. and {Skelton}, R.~E. and 
	{Kriek}, M. and {Nelson}, E. and {Schmidt}, K.~B. and {Bezanson}, R. and 
	{da Cunha}, E. and {Erb}, D.~K. and {Fan}, X. and {F{\"o}rster Schreiber}, N. and 
	{Illingworth}, G.~D. and {Labb{\'e}}, I. and {Leja}, J. and 
	{Lundgren}, B. and {Magee}, D. and {Marchesini}, D. and {McCarthy}, P. and 
	{Momcheva}, I. and {Muzzin}, A. and {Quadri}, R. and {Steidel}, C.~C. and 
	{Tal}, T. and {Wake}, D. and {Whitaker}, K.~E. and {Williams}, A.
	},
    title = "{3D-HST: A Wide-field Grism Spectroscopic Survey with the Hubble Space Telescope}",
  journal = {\apjs},
archivePrefix = "arXiv",
   eprint = {1204.2829},
 keywords = {galaxies: high-redshift, surveys},
     year = 2012,
    month = jun,
   volume = 200,
      eid = {13},
    pages = {13},
      doi = {10.1088/0067-0049/200/2/13},
   adsurl = {http://adsabs.harvard.edu/abs/2012ApJS..200...13B},
  adsnote = {Provided by the SAO/NASA Astrophysics Data System}
}

@ARTICLE{Astropy,
   author = {{Astropy Collaboration} and {Robitaille}, T.~P. and {Tollerud}, E.~J. and 
	{Greenfield}, P. and {Droettboom}, M. and {Bray}, E. and {Aldcroft}, T. and 
	{Davis}, M. and {Ginsburg}, A. and {Price-Whelan}, A.~M. and 
	{Kerzendorf}, W.~E. and {Conley}, A. and {Crighton}, N. and 
	{Barbary}, K. and {Muna}, D. and {Ferguson}, H. and {Grollier}, F. and 
	{Parikh}, M.~M. and {Nair}, P.~H. and {Unther}, H.~M. and {Deil}, C. and 
	{Woillez}, J. and {Conseil}, S. and {Kramer}, R. and {Turner}, J.~E.~H. and 
	{Singer}, L. and {Fox}, R. and {Weaver}, B.~A. and {Zabalza}, V. and 
	{Edwards}, Z.~I. and {Azalee Bostroem}, K. and {Burke}, D.~J. and 
	{Casey}, A.~R. and {Crawford}, S.~M. and {Dencheva}, N. and 
	{Ely}, J. and {Jenness}, T. and {Labrie}, K. and {Lim}, P.~L. and 
	{Pierfederici}, F. and {Pontzen}, A. and {Ptak}, A. and {Refsdal}, B. and 
	{Servillat}, M. and {Streicher}, O.},
    title = "{Astropy: A community Python package for astronomy}",
  journal = {\aap},
archivePrefix = "arXiv",
   eprint = {1307.6212},
 primaryClass = "astro-ph.IM",
 keywords = {methods: data analysis, methods: miscellaneous, virtual observatory tools},
     year = 2013,
    month = oct,
   volume = 558,
      eid = {A33},
    pages = {A33},
      doi = {10.1051/0004-6361/201322068},
   adsurl = {http://adsabs.harvard.edu/abs/2013A%26A...558A..33A},
  adsnote = {Provided by the SAO/NASA Astrophysics Data System}
}

@INPROCEEDINGS{TOPCAT,
   author = {{Taylor}, M.~B.},
    title = "{TOPCAT {\amp} STIL: Starlink Table/VOTable Processing Software}",
booktitle = {Astronomical Data Analysis Software and Systems XIV},
     year = 2005,
   series = {Astronomical Society of the Pacific Conference Series},
   volume = 347,
   editor = {{Shopbell}, P. and {Britton}, M. and {Ebert}, R.},
    month = dec,
    pages = {29},
   adsurl = {http://adsabs.harvard.edu/abs/2005ASPC..347...29T},
  adsnote = {Provided by the SAO/NASA Astrophysics Data System}
}

@ARTICLE{Matplotlib,
   author = {{Hunter}, J.~D.},
    title = "{Matplotlib: A 2D Graphics Environment}",
  journal = {Computing in Science and Engineering},
 keywords = {Python, Scripting languages, Application development, Scientific programming  },
     year = 2007,
    month = may,
   volume = 9,
    pages = {90-95},
      doi = {10.1109/MCSE.2007.55},
   adsurl = {http://adsabs.harvard.edu/abs/2007CSE.....9...90H},
  adsnote = {Provided by the SAO/NASA Astrophysics Data System}
}
@ARTICLE{Silverman2008ApJ,
       author = {{Silverman}, J.~D. and {Green}, P.~J. and {Barkhouse}, W.~A. and
         {Kim}, D. -W. and {Kim}, M. and {Wilkes}, B.~J. and {Cameron}, R.~A. and
         {Hasinger}, G. and {Jannuzi}, B.~T. and {Smith}, M.~G. and
         {Smith}, P.~S. and {Tananbaum}, H.},
        title = "{The Luminosity Function of X-Ray-selected Active Galactic Nuclei: Evolution of Supermassive Black Holes at High Redshift}",
      journal = {\apj},
     keywords = {galaxies: active, quasars: general, surveys, X-rays: galaxies, Astrophysics},
         year = "2008",
        month = "May",
       volume = {679},
       number = {1},
        pages = {118-139},
          doi = {10.1086/529572},
archivePrefix = {arXiv},
       eprint = {0710.2461},
 primaryClass = {astro-ph},
       adsurl = {https://ui.adsabs.harvard.edu/abs/2008ApJ...679..118S},
      adsnote = {Provided by the SAO/NASA Astrophysics Data System}
}
@ARTICLE{Sun2015,
       author = {{Sun}, Mouyuan and {Trump}, Jonathan R. and {Brandt}, W.~N. and
         {Luo}, B. and {Alexander}, David M. and {Jahnke}, Knud and
         {Rosario}, D.~J. and {Wang}, Sharon X. and {Xue}, Y.~Q.},
        title = "{Evolution in the Black Hole{\textemdash}Galaxy Scaling Relations and the Duty Cycle of Nuclear Activity in Star-forming Galaxies}",
      journal = {\apj},
     keywords = {cosmology: observations, galaxies: active, galaxies: evolution, quasars: emission lines, Astrophysics - Astrophysics of Galaxies, Astrophysics - Cosmology and Nongalactic Astrophysics, Astrophysics - High Energy Astrophysical Phenomena},
         year = "2015",
        month = "Mar",
       volume = {802},
       number = {1},
          eid = {14},
        pages = {14},
          doi = {10.1088/0004-637X/802/1/14},
archivePrefix = {arXiv},
       eprint = {1502.01025},
 primaryClass = {astro-ph.GA},
       adsurl = {https://ui.adsabs.harvard.edu/abs/2015ApJ...802...14S},
      adsnote = {Provided by the SAO/NASA Astrophysics Data System}
}

@ARTICLE{Merloni2010,
       author = {{Merloni}, A. and {Bongiorno}, A. and {Bolzonella}, M. and {Brusa}, M. and
         {Civano}, F. and {Comastri}, A. and {Elvis}, M. and {Fiore}, F. and
         {Gilli}, R. and {Hao}, H. and {Jahnke}, K. and {Koekemoer}, A.~M. and
         {Lusso}, E. and {Mainieri}, V. and {Mignoli}, M. and {Miyaji}, T. and
         {Renzini}, A. and {Salvato}, M. and {Silverman}, J. and {Trump}, J. and
         {Vignali}, C. and {Zamorani}, G. and {Capak}, P. and {Lilly}, S.~J. and
         {Sanders}, D. and {Taniguchi}, Y. and {Bardelli}, S. and
         {Carollo}, C.~M. and {Caputi}, K. and {Contini}, T. and {Coppa}, G. and
         {Cucciati}, O. and {de la Torre}, S. and {de Ravel}, L. and
         {Franzetti}, P. and {Garilli}, B. and {Hasinger}, G. and {Impey}, C. and
         {Iovino}, A. and {Iwasawa}, K. and {Kampczyk}, P. and {Kneib}, J. -P. and
         {Knobel}, C. and {Kova{\v{c}}}, K. and {Lamareille}, F. and
         {Le Borgne}, J. -F. and {Le Brun}, V. and {Le F{\`e}vre}, O. and
         {Maier}, C. and {Pello}, R. and {Peng}, Y. and {Perez Montero}, E. and
         {Ricciardelli}, E. and {Scodeggio}, M. and {Tanaka}, M. and
         {Tasca}, L.~A.~M. and {Tresse}, L. and {Vergani}, D. and {Zucca}, E.},
        title = "{On the Cosmic Evolution of the Scaling Relations Between Black Holes and Their Host Galaxies: Broad-Line Active Galactic Nuclei in the zCOSMOS Survey}",
      journal = {\apj},
     keywords = {cosmology: observations, galaxies: active, galaxies: evolution, quasars: emission lines, Astrophysics - Cosmology and Nongalactic Astrophysics},
         year = "2010",
        month = "Jan",
       volume = {708},
       number = {1},
        pages = {137-157},
          doi = {10.1088/0004-637X/708/1/137},
archivePrefix = {arXiv},
       eprint = {0910.4970},
 primaryClass = {astro-ph.CO},
       adsurl = {https://ui.adsabs.harvard.edu/abs/2010ApJ...708..137M},
      adsnote = {Provided by the SAO/NASA Astrophysics Data System}
}

@ARTICLE{Cen2015,
   author = {{Cen}, R.},
    title = "{Coevolution between Supermassive Black Holes and Bulges Is Not via Internal Feedback Regulation but by Rationed Gas Supply due to Angular Momentum Distribution}",
  journal = {\apjl},
archivePrefix = "arXiv",
   eprint = {1504.07248},
 keywords = {cosmology: theory, galaxies: bulges, galaxies: formation, hydrodynamics, quasars: supermassive black holes, stars: formation},
     year = 2015,
    month = may,
   volume = 805,
      eid = {L9},
    pages = {L9},
      doi = {10.1088/2041-8205/805/1/L9},
   adsurl = {https://ui.adsabs.harvard.edu/abs/2015ApJ...805L...9C},
  adsnote = {Provided by the SAO/NASA Astrophysics Data System}
}

@ARTICLE{Decarli2010,
       author = {{Decarli}, R. and {Falomo}, R. and {Treves}, A. and {Kotilainen}, J.~K. and
         {Labita}, M. and {Scarpa}, R.},
        title = "{The quasar MBH-Mhost relation through cosmic time - I. Data set and black hole masses}",
      journal = {\mnras},
     keywords = {galaxies: active, galaxies: nuclei, quasars: emission lines, quasars: general, Astrophysics - Cosmology and Nongalactic Astrophysics},
         year = "2010",
        month = "Mar",
       volume = {402},
       number = {4},
        pages = {2441-2452},
          doi = {10.1111/j.1365-2966.2009.16048.x},
archivePrefix = {arXiv},
       eprint = {0911.2983},
 primaryClass = {astro-ph.CO},
       adsurl = {https://ui.adsabs.harvard.edu/abs/2010MNRAS.402.2441D},
      adsnote = {Provided by the SAO/NASA Astrophysics Data System}
}

@ARTICLE{Decarli2010b,
   author = {{Decarli}, R. and {Falomo}, R. and {Treves}, A. and {Labita}, M. and 
	{Kotilainen}, J.~K. and {Scarpa}, R.},
    title = "{The quasar MBH-Mhost relation through cosmic time - II. Evidence for evolution from z = 3 to the present age}",
  journal = {\mnras},
archivePrefix = "arXiv",
   eprint = {0911.2988},
 keywords = {galaxies: active, galaxies: nuclei, quasars: general},
     year = 2010,
    month = mar,
   volume = 402,
    pages = {2453-2461},
      doi = {10.1111/j.1365-2966.2009.16049.x},
   adsurl = {http://adsabs.harvard.edu/abs/2010MNRAS.402.2453D},
  adsnote = {Provided by the SAO/NASA Astrophysics Data System}
}


@ARTICLE{Peng2006a,
   author = {{Peng}, C.~Y. and {Impey}, C.~D. and {Ho}, L.~C. and {Barton}, E.~J. and 
	{Rix}, H.-W.},
    title = "{Probing the Coevolution of Supermassive Black Holes and Quasar Host Galaxies}",
  journal = {\apj},
   eprint = {astro-ph/0509155},
 keywords = {Galaxies: Bulges, Galaxies: Evolution, Galaxies: Fundamental Parameters, Galaxies: Structure, Galaxies: Quasars: General},
     year = 2006,
    month = mar,
   volume = 640,
    pages = {114-125},
      doi = {10.1086/499930},
   adsurl = {http://adsabs.harvard.edu/abs/2006ApJ...640..114P},
  adsnote = {Provided by the SAO/NASA Astrophysics Data System}
}

@ARTICLE{Schulze2015,
   author = {{Schulze}, A. and {Bongiorno}, A. and {Gavignaud}, I. and {Schramm}, M. and 
	{Silverman}, J. and {Merloni}, A. and {Zamorani}, G. and {Hirschmann}, M. and 
	{Mainieri}, V. and {Wisotzki}, L. and {Shankar}, F. and {Fiore}, F. and 
	{Koekemoer}, A.~M. and {Temporin}, G.},
    title = "{The cosmic growth of the active black hole population at 1 $\lt$z $\lt$2 in zCOSMOS, VVDS and SDSS}",
  journal = {\mnras},
archivePrefix = "arXiv",
   eprint = {1412.0754},
 keywords = {galaxies: active, galaxies: nuclei, quasars: general},
     year = 2015,
    month = mar,
   volume = 447,
    pages = {2085-2111},
      doi = {10.1093/mnras/stu2549},
   adsurl = {http://adsabs.harvard.edu/abs/2015MNRAS.447.2085S},
  adsnote = {Provided by the SAO/NASA Astrophysics Data System}
}

@ARTICLE{Woo2010,
       author = {{Woo}, Jong-Hak and {Treu}, Tommaso and {Barth}, Aaron J. and
         {Wright}, Shelley A. and {Walsh}, Jonelle L. and {Bentz}, Misty C. and
         {Martini}, Paul and {Bennert}, Vardha N. and {Canalizo}, Gabriela and
         {Filippenko}, Alexei V.},
        title = "{The Lick AGN Monitoring Project: The M $_{BH}$-{\ensuremath{\sigma}}$_{*}$ Relation for Reverberation-mapped Active Galaxies}",
      journal = {\apj},
     keywords = {galaxies: active, galaxies: kinematics and dynamics, galaxies: nuclei, galaxies: Seyfert, Astrophysics - Cosmology and Nongalactic Astrophysics},
         year = "2010",
        month = "Jun",
       volume = {716},
       number = {1},
        pages = {269-280},
          doi = {10.1088/0004-637X/716/1/269},
archivePrefix = {arXiv},
       eprint = {1004.0252},
 primaryClass = {astro-ph.CO},
       adsurl = {https://ui.adsabs.harvard.edu/abs/2010ApJ...716..269W},
      adsnote = {Provided by the SAO/NASA Astrophysics Data System}
}



@ARTICLE{Bruce2014,
       author = {{Bruce}, V.~A. and {Dunlop}, J.~S. and {McLure}, R.~J. and
         {Cirasuolo}, M. and {Buitrago}, F. and {Bowler}, R.~A.~A. and
         {Targett}, T.~A. and {Bell}, E.~F. and {McIntosh}, D.~H. and
         {Dekel}, A.},
        title = "{The decomposed bulge and disc size-mass relations of massive galaxies at 1 \&lt; z \&lt; 3 in CANDELS}",
      journal = {\mnras},
     keywords = {galaxies: elliptical and lenticular, cD, galaxies: evolution, galaxies: high-redshift, galaxies: spiral, galaxies: structure, Astrophysics - Astrophysics of Galaxies, Astrophysics - Cosmology and Nongalactic Astrophysics},
         year = "2014",
        month = "Oct",
       volume = {444},
       number = {2},
        pages = {1660-1673},
          doi = {10.1093/mnras/stu1537},
archivePrefix = {arXiv},
       eprint = {1405.5221},
 primaryClass = {astro-ph.GA},
       adsurl = {https://ui.adsabs.harvard.edu/abs/2014MNRAS.444.1660B},
      adsnote = {Provided by the SAO/NASA Astrophysics Data System}
}

@ARTICLE{Dimauro2018,
       author = {{Dimauro}, Paola and {Huertas-Company}, Marc and {Daddi}, Emanuele and
         {P{\'e}rez-Gonz{\'a}lez}, Pablo G. and {Bernardi}, Mariangela and
         {Barro}, Guillermo and {Buitrago}, Fernando and {Caro}, Fernando and
         {Cattaneo}, Andrea and {Dominguez-S{\'a}nchez}, Helena},
        title = "{A catalog of polychromatic bulge-disc decompositions of?17.600 galaxies in CANDELS}",
      journal = {\mnras},
     keywords = {galaxies: bulges, galaxies: fundamental parameters, galaxies: high-redshift, Astrophysics - Astrophysics of Galaxies},
         year = "2018",
        month = "Aug",
       volume = {478},
       number = {4},
        pages = {5410-5426},
          doi = {10.1093/mnras/sty1379},
archivePrefix = {arXiv},
       eprint = {1803.10234},
 primaryClass = {astro-ph.GA},
       adsurl = {https://ui.adsabs.harvard.edu/abs/2018MNRAS.478.5410D},
      adsnote = {Provided by the SAO/NASA Astrophysics Data System}
}

@ARTICLE{Mechtley2016,
       author = {{Mechtley}, M. and {Jahnke}, K. and {Windhorst}, R.~A. and {Andrae}, R. and
         {Cisternas}, M. and {Cohen}, S.~H. and {Hewlett}, T. and
         {Koekemoer}, A.~M. and {Schramm}, M. and {Schulze}, A.},
        title = "{Do the Most Massive Black Holes at z = 2 Grow via Major Mergers?}",
      journal = {\apj},
     keywords = {galaxies: high-redshift, quasars: general, Astrophysics - Astrophysics of Galaxies},
         year = "2016",
        month = "Oct",
       volume = {830},
       number = {2},
          eid = {156},
        pages = {156},
          doi = {10.3847/0004-637X/830/2/156},
archivePrefix = {arXiv},
       eprint = {1510.08461},
 primaryClass = {astro-ph.GA},
       adsurl = {https://ui.adsabs.harvard.edu/abs/2016ApJ...830..156M},
      adsnote = {Provided by the SAO/NASA Astrophysics Data System}
}

@ARTICLE{Koekemoer2007,
       author = {{Koekemoer}, A.~M. and {Aussel}, H. and {Calzetti}, D. and {Capak}, P. and
         {Giavalisco}, M. and {Kneib}, J. -P. and {Leauthaud}, A. and
         {Le F{\`e}vre}, O. and {McCracken}, H.~J. and {Massey}, R.},
        title = "{The COSMOS Survey: Hubble Space Telescope Advanced Camera for Surveys Observations and Data Processing}",
      journal = {\apjs},
     keywords = {Cosmology: Observations, Cosmology: Dark Matter, Galaxies: Evolution, Galaxies: Formation, Cosmology: Large-Scale Structure of Universe, Surveys, Astrophysics},
         year = "2007",
        month = "Sep",
       volume = {172},
       number = {1},
        pages = {196-202},
          doi = {10.1086/520086},
archivePrefix = {arXiv},
       eprint = {astro-ph/0703095},
 primaryClass = {astro-ph},
       adsurl = {https://ui.adsabs.harvard.edu/abs/2007ApJS..172..196K},
      adsnote = {Provided by the SAO/NASA Astrophysics Data System}
}

@ARTICLE{Jun2015,
       author = {{Jun}, Hyunsung David and {Im}, Myungshin and {Lee}, Hyung Mok and
         {Ohyama}, Youichi and {Woo}, Jong-Hak and {Fan}, Xiaohui and
         {Goto}, Tomotsugu and {Kim}, Dohyeong and {Kim}, Ji Hoon and
         {Kim}, Minjin},
        title = "{Rest-frame Optical Spectra and Black Hole Masses of 3 \&lt; z \&lt; 6 Quasars}",
      journal = {\apj},
     keywords = {galaxies: active, galaxies: evolution, quasars: emission lines, quasars: supermassive black holes, Astrophysics - Astrophysics of Galaxies, Astrophysics - Cosmology and Nongalactic Astrophysics},
         year = "2015",
        month = "Jun",
       volume = {806},
       number = {1},
          eid = {109},
        pages = {109},
          doi = {10.1088/0004-637X/806/1/109},
archivePrefix = {arXiv},
       eprint = {1504.00058},
 primaryClass = {astro-ph.GA},
       adsurl = {https://ui.adsabs.harvard.edu/abs/2015ApJ...806..109J},
      adsnote = {Provided by the SAO/NASA Astrophysics Data System}
}

@article{Croton2006,
	Adsnote = {Provided by the SAO/NASA Astrophysics Data System},
	Adsurl = {http://adsabs.harvard.edu/abs/2006MNRAS.369.1808C},
	Author = {{Croton}, D.~J.},
	Doi = {10.1111/j.1365-2966.2006.10429.x},
	Eprint = {arXiv:astro-ph/0512375},
	Journal = {\mnras},
	Keywords = {black hole physics: galaxies: active: galaxies: evolution: cosmology: theory, black hole physics, galaxies: active, galaxies: evolution, cosmology: theory},
	Month = jul,
	Pages = {1808-1812},
	Title = {{Evolution in the black hole mass-bulge mass relation: a theoretical perspective}},
	Volume = 369,
	Year = 2006,
	Bdsk-Url-1 = {http://dx.doi.org/10.1111/j.1365-2966.2006.10429.x}}
	
@ARTICLE{Harris2012,
       author = {{Harris}, Chelsea E. and {Bennert}, Vardha N. and {Auger}, Matthew W. and
         {Treu}, Tommaso and {Woo}, Jong-Hak and {Malkan}, Matthew A.},
        title = "{A Local Baseline of the Black Hole Mass Scaling Relations for Active Galaxies. II. Measuring Stellar Velocity Dispersion in Active Galaxies}",
      journal = {\apjs},
     keywords = {accretion, accretion disks, black hole physics, galaxies: active, galaxies: evolution, quasars: general},
         year = "2012",
        month = "Aug",
       volume = {201},
       number = {2},
          eid = {29},
        pages = {29},
          doi = {10.1088/0067-0049/201/2/29},
       adsurl = {https://ui.adsabs.harvard.edu/abs/2012ApJS..201...29H},
      adsnote = {Provided by the SAO/NASA Astrophysics Data System}
}

@ARTICLE{Bennert2015,
       author = {{Bennert}, Vardha N. and {Treu}, Tommaso and {Auger}, Matthew W. and
         {Cosens}, Maren and {Park}, Daeseong and {Rosen}, Rebecca and
         {Harris}, Chelsea E. and {Malkan}, Matthew A. and {Woo}, Jong-Hak},
        title = "{A Local Baseline of the Black Hole Mass Scaling Relations for Active Galaxies. III.The M$_{BH}$ - {\ensuremath{\sigma}} Relation}",
      journal = {\apj},
     keywords = {accretion, accretion disks, black hole physics, galaxies: active, galaxies: evolution, quasars: general, Astrophysics - Astrophysics of Galaxies},
         year = "2015",
        month = "Aug",
       volume = {809},
       number = {1},
          eid = {20},
        pages = {20},
          doi = {10.1088/0004-637X/809/1/20},
archivePrefix = {arXiv},
       eprint = {1409.4428},
 primaryClass = {astro-ph.GA},
       adsurl = {https://ui.adsabs.harvard.edu/abs/2015ApJ...809...20B},
      adsnote = {Provided by the SAO/NASA Astrophysics Data System}
}


@ARTICLE{Bell2000,
       author = {{Bell}, Eric F. and {de Jong}, Roelof S.},
        title = "{The stellar populations of spiral galaxies}",
      journal = {\mnras},
     keywords = {GALAXIES: ABUNDANCES, GALAXIES: EVOLUTION, GALAXIES: GENERAL, GALAXIES: SPIRAL, GALAXIES: STELLAR CONTENT, GALAXIES: STRUCTURE, Astrophysics},
         year = "2000",
        month = "Mar",
       volume = {312},
       number = {3},
        pages = {497-520},
          doi = {10.1046/j.1365-8711.2000.03138.x},
archivePrefix = {arXiv},
       eprint = {astro-ph/9909402},
 primaryClass = {astro-ph},
       adsurl = {https://ui.adsabs.harvard.edu/abs/2000MNRAS.312..497B},
      adsnote = {Provided by the SAO/NASA Astrophysics Data System}
}

@ARTICLE{Bell2001,
       author = {{Bell}, Eric F. and {de Jong}, Roelof S.},
        title = "{Stellar Mass-to-Light Ratios and the Tully-Fisher Relation}",
      journal = {\apj},
     keywords = {ISM: Dust, Extinction, Galaxies: Evolution, Galaxies: Kinematics and Dynamics, Galaxies: Spiral, Galaxies: Stellar Content, Astrophysics},
         year = "2001",
        month = "Mar",
       volume = {550},
       number = {1},
        pages = {212-229},
          doi = {10.1086/319728},
archivePrefix = {arXiv},
       eprint = {astro-ph/0011493},
 primaryClass = {astro-ph},
       adsurl = {https://ui.adsabs.harvard.edu/abs/2001ApJ...550..212B},
      adsnote = {Provided by the SAO/NASA Astrophysics Data System}
}

@ARTICLE{McLure2004,
       author = {{McLure}, Ross J. and {Dunlop}, James S.},
        title = "{The cosmological evolution of quasar black hole masses}",
      journal = {\mnras},
     keywords = {black hole physics, galaxies: active, galaxies: nuclei, quasars: general, Astrophysics},
         year = "2004",
        month = "Aug",
       volume = {352},
       number = {4},
        pages = {1390-1404},
          doi = {10.1111/j.1365-2966.2004.08034.x},
archivePrefix = {arXiv},
       eprint = {astro-ph/0310267},
 primaryClass = {astro-ph},
       adsurl = {https://ui.adsabs.harvard.edu/abs/2004MNRAS.352.1390M},
      adsnote = {Provided by the SAO/NASA Astrophysics Data System}
}



@INPROCEEDINGS{PSO, 
author={J. {Kennedy} and R. {Eberhart}}, 
booktitle={Proceedings of ICNN'95 - International Conference on Neural Networks}, 
title={Particle swarm optimization}, 
year={1995}, 
volume={4}, 
number={}, 
pages={1942-1948 vol.4}, 
keywords={artificial intelligence;genetic algorithms;simulation;neural nets;search problems;particle swarm;optimization;nonlinear functions;evolution;neural network;artificial life;genetic algorithms;social metaphor;simulation;multidimensional search;Particle swarm optimization;Birds;Educational institutions;Marine animals;Testing;Humans;Genetic algorithms;Optimization methods;Artificial neural networks;Performance evaluation}, 
doi={10.1109/ICNN.1995.488968}, 
ISSN={}, 
month={Nov},}

@ARTICLE{Vestergaard2006,
       author = {{Vestergaard}, Marianne and {Peterson}, Bradley M.},
        title = "{Determining Central Black Hole Masses in Distant Active Galaxies and Quasars. II. Improved Optical and UV Scaling Relationships}",
      journal = {\apj},
     keywords = {Galaxies: Active, Galaxies: Fundamental Parameters, Galaxies: High-Redshift, Galaxies: Seyfert, Galaxies: Quasars: Emission Lines, Ultraviolet: Galaxies, Astrophysics},
         year = "2006",
        month = "Apr",
       volume = {641},
       number = {2},
        pages = {689-709},
          doi = {10.1086/500572},
archivePrefix = {arXiv},
       eprint = {astro-ph/0601303},
 primaryClass = {astro-ph},
       adsurl = {https://ui.adsabs.harvard.edu/abs/2006ApJ...641..689V},
      adsnote = {Provided by the SAO/NASA Astrophysics Data System}
}

@ARTICLE{Volonteri2011,
   author = {{Volonteri}, M. and {Stark}, D.~P.},
    title = "{Assessing the redshift evolution of massive black holes and their hosts}",
  journal = {\mnras},
archivePrefix = "arXiv",
   eprint = {1107.1946},
 keywords = {black hole physics, galaxies: evolution, galaxies: formation, quasars: general},
     year = 2011,
    month = nov,
   volume = 417,
    pages = {2085-2093},
      doi = {10.1111/j.1365-2966.2011.19391.x},
   adsurl = {https://ui.adsabs.harvard.edu/abs/2011MNRAS.417.2085V},
  adsnote = {Provided by the SAO/NASA Astrophysics Data System}
}

@ARTICLE{Steinborn2015,
   author = {{Steinborn}, L.~K. and {Dolag}, K. and {Hirschmann}, M. and 
	{Prieto}, M.~A. and {Remus}, R.-S.},
    title = "{A refined sub-grid model for black hole accretion and AGN feedback in large cosmological simulations}",
  journal = {\mnras},
archivePrefix = "arXiv",
   eprint = {1409.3221},
 keywords = {black hole physics, methods: numerical, galaxies: active, galaxies: evolution, galaxies: nuclei, quasars: supermassive black holes},
     year = 2015,
    month = apr,
   volume = 448,
    pages = {1504-1525},
      doi = {10.1093/mnras/stv072},
   adsurl = {https://ui.adsabs.harvard.edu/abs/2015MNRAS.448.1504S},
  adsnote = {Provided by the SAO/NASA Astrophysics Data System}
}

@ARTICLE{Schaye2015,
   author = {{Schaye}, J. and {Crain}, R.~A. and {Bower}, R.~G. and {Furlong}, M. and 
	{Schaller}, M. and {Theuns}, T. and {Dalla Vecchia}, C. and 
	{Frenk}, C.~S. and {McCarthy}, I.~G. and {Helly}, J.~C. and 
	{Jenkins}, A. and {Rosas-Guevara}, Y.~M. and {White}, S.~D.~M. and 
	{Baes}, M. and {Booth}, C.~M. and {Camps}, P. and {Navarro}, J.~F. and 
	{Qu}, Y. and {Rahmati}, A. and {Sawala}, T. and {Thomas}, P.~A. and 
	{Trayford}, J.},
    title = "{The EAGLE project: simulating the evolution and assembly of galaxies and their environments}",
  journal = {\mnras},
archivePrefix = "arXiv",
   eprint = {1407.7040},
 keywords = {methods: numerical, galaxies: evolution, galaxies: formation, cosmology: theory},
     year = 2015,
    month = jan,
   volume = 446,
    pages = {521-554},
      doi = {10.1093/mnras/stu2058},
   adsurl = {https://ui.adsabs.harvard.edu/abs/2015MNRAS.446..521S},
  adsnote = {Provided by the SAO/NASA Astrophysics Data System}
}

@ARTICLE{Sijacki2015,
   author = {{Sijacki}, D. and {Vogelsberger}, M. and {Genel}, S. and {Springel}, V. and 
	{Torrey}, P. and {Snyder}, G.~F. and {Nelson}, D. and {Hernquist}, L.
	},
    title = "{The Illustris simulation: the evolving population of black holes across cosmic time}",
  journal = {\mnras},
archivePrefix = "arXiv",
   eprint = {1408.6842},
 keywords = {methods: numerical, galaxies: formation, quasars: supermassive black holes, cosmology: theory},
     year = 2015,
    month = sep,
   volume = 452,
    pages = {575-596},
      doi = {10.1093/mnras/stv1340},
   adsurl = {https://ui.adsabs.harvard.edu/abs/2015MNRAS.452..575S},
  adsnote = {Provided by the SAO/NASA Astrophysics Data System}
}

@ARTICLE{Vogelsberger2014,
   author = {{Vogelsberger}, M. and {Genel}, S. and {Springel}, V. and {Torrey}, P. and 
	{Sijacki}, D. and {Xu}, D. and {Snyder}, G. and {Nelson}, D. and 
	{Hernquist}, L.},
    title = "{Introducing the Illustris Project: simulating the coevolution of dark and visible matter in the Universe}",
  journal = {\mnras},
archivePrefix = "arXiv",
   eprint = {1405.2921},
 keywords = {methods: numerical, cosmology: theory},
     year = 2014,
    month = oct,
   volume = 444,
    pages = {1518-1547},
      doi = {10.1093/mnras/stu1536},
   adsurl = {https://ui.adsabs.harvard.edu/abs/2014MNRAS.444.1518V},
  adsnote = {Provided by the SAO/NASA Astrophysics Data System}
}

@ARTICLE{Elvis1994,
       author = {{Elvis}, Martin and {Wilkes}, Belinda J. and {McDowell}, Jonathan C. and
         {Green}, Richard F. and {Bechtold}, Jill and {Willner}, S.~P. and
         {Oey}, M.~S. and {Polomski}, Elisha and {Cutri}, Roc},
        title = "{Atlas of Quasar Energy Distributions}",
      journal = {\apjs},
     keywords = {Astronomical Catalogs, Infrared Photometry, Quasars, Radio Astronomy, Spectral Energy Distribution, Stellar Luminosity, Stellar Spectrophotometry, Ultraviolet Astronomy, X Ray Spectra, Galactic Radiation, Heao 2, Infrared Astronomy Satellite, Iue, Signal To Noise Ratios, Astronomy, ATLASES, GALAXIES: PHOTOMETRY, GALAXIES: QUASARS: GENERAL},
         year = "1994",
        month = "Nov",
       volume = {95},
        pages = {1},
          doi = {10.1086/192093},
       adsurl = {https://ui.adsabs.harvard.edu/abs/1994ApJS...95....1E},
      adsnote = {Provided by the SAO/NASA Astrophysics Data System}
}

@ARTICLE{Bhowmick2019,
       author = {{Bhowmick}, Aklant K. and {DiMatteo}, Tiziana and
         {Eftekharzadeh}, Sarah and {Myers}, Adam D.},
        title = "{On the small-scale clustering of quasars: constraints from the MassiveBlack II simulation}",
      journal = {\mnras},
     keywords = {quasars: general, Astrophysics - Astrophysics of Galaxies, Astrophysics - Cosmology and Nongalactic Astrophysics},
         year = "2019",
        month = "May",
       volume = {485},
       number = {2},
        pages = {2026-2040},
          doi = {10.1093/mnras/stz519},
archivePrefix = {arXiv},
       eprint = {1811.08916},
 primaryClass = {astro-ph.GA},
       adsurl = {https://ui.adsabs.harvard.edu/abs/2019MNRAS.485.2026B},
      adsnote = {Provided by the SAO/NASA Astrophysics Data System}
}

@ARTICLE{Huang2018,
       author = {{Huang}, Kuan-Wei and {Di Matteo}, Tiziana and {Bhowmick}, Aklant K. and
         {Feng}, Yu and {Ma}, Chung-Pei},
        title = "{BLUETIDES simulation: establishing black hole-galaxy relations at high redshift}",
      journal = {\mnras},
     keywords = {black hole physics, methods: numerical, galaxies: high-redshift, Astrophysics - Astrophysics of Galaxies},
         year = "2018",
        month = "Aug",
       volume = {478},
       number = {4},
        pages = {5063-5073},
          doi = {10.1093/mnras/sty1329},
archivePrefix = {arXiv},
       eprint = {1801.04951},
 primaryClass = {astro-ph.GA},
       adsurl = {https://ui.adsabs.harvard.edu/abs/2018MNRAS.478.5063H},
      adsnote = {Provided by the SAO/NASA Astrophysics Data System}
}

@ARTICLE{Lauer2007,
   author = {{Lauer}, T.~R. and {Tremaine}, S. and {Richstone}, D. and {Faber}, S.~M.
	},
    title = "{Selection Bias in Observing the Cosmological Evolution of the M$_{?}$-{$\sigma$} and M$_{?}$-L Relationships}",
  journal = {\apj},
archivePrefix = "arXiv",
   eprint = {0705.4103},
 keywords = {Galaxies: Evolution, Galaxies: Fundamental Parameters, Galaxies: Nuclei},
     year = 2007,
    month = nov,
   volume = 670,
    pages = {249-260},
      doi = {10.1086/522083},
   adsurl = {https://ui.adsabs.harvard.edu/abs/2007ApJ...670..249L},
  adsnote = {Provided by the SAO/NASA Astrophysics Data System}
}


@ARTICLE{2015MNRAS.450.1349K,
   author = {{Khandai}, N. and {Di Matteo}, T. and {Croft}, R. and {Wilkins}, S. and 
	{Feng}, Y. and {Tucker}, E. and {DeGraf}, C. and {Liu}, M.-S.
	},
    title = "{The MassiveBlack-II simulation: the evolution of haloes and galaxies to z $\sim$ 0}",
  journal = {\mnras},
archivePrefix = "arXiv",
   eprint = {1402.0888},
 keywords = {methods: numerical, galaxies: evolution, galaxies: formation, quasars: general, cosmology: theory, large-scale structure of Universe},
     year = 2015,
    month = jun,
   volume = 450,
    pages = {1349-1374},
      doi = {10.1093/mnras/stv627},
   adsurl = {http://adsabs.harvard.edu/abs/2015MNRAS.450.1349K},
  adsnote = {Provided by the SAO/NASA Astrophysics Data System}
}

@ARTICLE{2005MNRAS.364.1105S,
   author = {{Springel}, V.},
    title = "{The cosmological simulation code GADGET-2}",
  journal = {\mnras},
   eprint = {astro-ph/0505010},
 keywords = {methods: numerical, galaxies: interactions, dark matter},
     year = 2005,
    month = dec,
   volume = 364,
    pages = {1105-1134},
      doi = {10.1111/j.1365-2966.2005.09655.x},
   adsurl = {https://ui.adsabs.harvard.edu/abs/2005MNRAS.364.1105S},
  adsnote = {Provided by the SAO/NASA Astrophysics Data System}
}


@ARTICLE{1999astro.ph.12179F,
       author = {{Fioc}, Michel and {Rocca-Volmerange}, Brigitte},
        title = "{PEGASE.2, a metallicity-consistent spectral evolution model of galaxies: the documentation and the code}",
      journal = {arXiv e-prints},
     keywords = {Astrophysics},
         year = "1999",
        month = "Dec",
          eid = {astro-ph/9912179},
        pages = {astro-ph/9912179},
archivePrefix = {arXiv},
       eprint = {astro-ph/9912179},
 primaryClass = {astro-ph},
       adsurl = {https://ui.adsabs.harvard.edu/abs/1999astro.ph.12179F},
      adsnote = {Provided by the SAO/NASA Astrophysics Data System}
}

@ARTICLE{2005MNRAS.361..776S,
   author = {{Springel}, V. and {Di Matteo}, T. and {Hernquist}, L.},
    title = "{Modelling feedback from stars and black holes in galaxy mergers}",
  journal = {\mnras},
   eprint = {astro-ph/0411108},
 keywords = {methods: numerical, galaxies: active, galaxies: interactions, galaxies: starburst, galaxies: structure},
     year = 2005,
    month = aug,
   volume = 361,
    pages = {776-794},
      doi = {10.1111/j.1365-2966.2005.09238.x},
   adsurl = {http://adsabs.harvard.edu/abs/2005MNRAS.361..776S},
  adsnote = {Provided by the SAO/NASA Astrophysics Data System}
}

@ARTICLE{2012ApJ...745L..29D,
   author = {{Di Matteo}, T. and {Khandai}, N. and {DeGraf}, C. and {Feng}, Y. and 
	{Croft}, R.~A.~C. and {Lopez}, J. and {Springel}, V.},
    title = "{Cold Flows and the First Quasars}",
  journal = {\apjl},
archivePrefix = "arXiv",
   eprint = {1107.1253},
 keywords = {cosmology: theory, galaxies: active, galaxies: evolution, galaxies: formation, hydrodynamics, quasars: general},
     year = 2012,
    month = feb,
   volume = 745,
      eid = {L29},
    pages = {L29},
      doi = {10.1088/2041-8205/745/2/L29},
   adsurl = {http://adsabs.harvard.edu/abs/2012ApJ...745L..29D},
  adsnote = {Provided by the SAO/NASA Astrophysics Data System}
}



@ARTICLE{2003MNRAS.339..289S,
   author = {{Springel}, V. and {Hernquist}, L.},
    title = "{Cosmological smoothed particle hydrodynamics simulations: a hybrid multiphase model for star formation}",
  journal = {\mnras},
   eprint = {astro-ph/0206393},
 keywords = {methods: numerical, galaxies: evolution, galaxies: formation},
     year = 2003,
    month = feb,
   volume = 339,
    pages = {289-311},
      doi = {10.1046/j.1365-8711.2003.06206.x},
   adsurl = {http://adsabs.harvard.edu/abs/2003MNRAS.339..289S},
  adsnote = {Provided by the SAO/NASA Astrophysics Data System}
}

@ARTICLE{2005Natur.433..604D,
   author = {{Di Matteo}, T. and {Springel}, V. and {Hernquist}, L.},
    title = "{Energy input from quasars regulates the growth and activity of black holes and their host galaxies}",
  journal = {\nat},
   eprint = {astro-ph/0502199},
     year = 2005,
    month = feb,
   volume = 433,
    pages = {604-607},
      doi = {10.1038/nature03335},
   adsurl = {http://adsabs.harvard.edu/abs/2005Natur.433..604D},
  adsnote = {Provided by the SAO/NASA Astrophysics Data System}
}

@ARTICLE{2011ApJS..192...18K,
   author = {{Komatsu}, E. and {Smith}, K.~M. and {Dunkley}, J. and {Bennett}, C.~L. and 
	{Gold}, B. and {Hinshaw}, G. and {Jarosik}, N. and {Larson}, D. and 
	{Nolta}, M.~R. and {Page}, L. and {Spergel}, D.~N. and {Halpern}, M. and 
	{Hill}, R.~S. and {Kogut}, A. and {Limon}, M. and {Meyer}, S.~S. and 
	{Odegard}, N. and {Tucker}, G.~S. and {Weiland}, J.~L. and {Wollack}, E. and 
	{Wright}, E.~L.},
    title = "{Seven-year Wilkinson Microwave Anisotropy Probe (WMAP) Observations: Cosmological Interpretation}",
  journal = {\apjs},
archivePrefix = "arXiv",
   eprint = {1001.4538},
 primaryClass = "astro-ph.CO",
 keywords = {cosmic background radiation, cosmology: observations, dark matter, early universe, space vehicles},
     year = 2011,
    month = feb,
   volume = 192,
      eid = {18},
    pages = {18},
      doi = {10.1088/0067-0049/192/2/18},
   adsurl = {http://adsabs.harvard.edu/abs/2011ApJS..192...18K},
  adsnote = {Provided by the SAO/NASA Astrophysics Data System}
}

@ARTICLE{1985ApJ...292..371D,
   author = {{Davis}, M. and {Efstathiou}, G. and {Frenk}, C.~S. and {White}, S.~D.~M.
	},
    title = "{The evolution of large-scale structure in a universe dominated by cold dark matter}",
  journal = {\apj},
 keywords = {Computational Astrophysics, Cosmology, Galactic Clusters, Galactic Evolution, Missing Mass (Astrophysics), Weak Interactions (Field Theory), Astronomical Models, Computerized Simulation, Correlation, Many Body Problem, Mass Distribution, Mass To Light Ratios, Matter (Physics), Radial Velocity, Red Shift},
     year = 1985,
    month = may,
   volume = 292,
    pages = {371-394},
      doi = {10.1086/163168},
   adsurl = {http://adsabs.harvard.edu/abs/1985ApJ...292..371D},
  adsnote = {Provided by the SAO/NASA Astrophysics Data System}
}



@ARTICLE{Lacey1993,
   author = {{Lacey}, C. and {Cole}, S.},
    title = "{Merger rates in hierarchical models of galaxy formation}",
  journal = {\mnras},
 keywords = {Astronomical Models, Galactic Evolution, Galactic Halos, Interacting Galaxies, Baryons, Dark Matter, Gravitational Effects, Monte Carlo Method},
     year = 1993,
    month = jun,
   volume = 262,
    pages = {627-649},
      doi = {10.1093/mnras/262.3.627},
   adsurl = {https://ui.adsabs.harvard.edu/abs/1993MNRAS.262..627L},
  adsnote = {Provided by the SAO/NASA Astrophysics Data System}
}

@ARTICLE{Mo1998,
   author = {{Mo}, H.~J. and {Mao}, S. and {White}, S.~D.~M.},
    title = "{The formation of galactic discs}",
  journal = {\mnras},
   eprint = {astro-ph/9707093},
 keywords = {GALAXIES: FORMATION, GALAXIES: SPIRAL, GALAXIES: STRUCTURE, COSMOLOGY: THEORY, DARK MATTER},
     year = 1998,
    month = apr,
   volume = 295,
    pages = {319-336},
      doi = {10.1046/j.1365-8711.1998.01227.x},
   adsurl = {https://ui.adsabs.harvard.edu/abs/1998MNRAS.295..319M},
  adsnote = {Provided by the SAO/NASA Astrophysics Data System}
}


@ARTICLE{Efstathiou1982,
   author = {{Efstathiou}, G. and {Lake}, G. and {Negroponte}, J.},
    title = "{The stability and masses of disc galaxies}",
  journal = {\mnras},
 keywords = {Astronomical Models, Disk Galaxies, Dynamic Stability, Galactic Evolution, Mass, Astronomical Photometry, Density Distribution, Galactic Rotation, Mass To Light Ratios},
     year = 1982,
    month = jun,
   volume = 199,
    pages = {1069-1088},
      doi = {10.1093/mnras/199.4.1069},
   adsurl = {https://ui.adsabs.harvard.edu/abs/1982MNRAS.199.1069E},
  adsnote = {Provided by the SAO/NASA Astrophysics Data System}
}

@ARTICLE{Madau2001,
       author = {{Madau}, Piero and {Rees}, Martin J.},
        title = "{Massive Black Holes as Population III Remnants}",
      journal = {\apjl},
     keywords = {Black Hole Physics, Cosmology: Theory, Cosmology: Early Universe, Galaxies: Formation, Astrophysics},
         year = "2001",
        month = "Apr",
       volume = {551},
       number = {1},
        pages = {L27-L30},
          doi = {10.1086/319848},
archivePrefix = {arXiv},
       eprint = {astro-ph/0101223},
 primaryClass = {astro-ph},
       adsurl = {https://ui.adsabs.harvard.edu/abs/2001ApJ...551L..27M},
      adsnote = {Provided by the SAO/NASA Astrophysics Data System}
}

@ARTICLE{Hopkins2011,
       author = {{Hopkins}, Philip F. and {Quataert}, Eliot},
        title = "{An analytic model of angular momentum transport by gravitational torques: from galaxies to massive black holes}",
      journal = {\mnras},
     keywords = {galaxies: active, galaxies: evolution, quasars: general, cosmology: theory, Astrophysics - Cosmology and Extragalactic Astrophysics, Astrophysics - Galaxy Astrophysics, Astrophysics - High Energy Astrophysical Phenomena},
         year = "2011",
        month = "Aug",
       volume = {415},
       number = {2},
        pages = {1027-1050},
          doi = {10.1111/j.1365-2966.2011.18542.x},
archivePrefix = {arXiv},
       eprint = {1007.2647},
 primaryClass = {astro-ph.CO},
       adsurl = {https://ui.adsabs.harvard.edu/abs/2011MNRAS.415.1027H},
      adsnote = {Provided by the SAO/NASA Astrophysics Data System}
}

@ARTICLE{Chartas2002,
   author = {{Chartas}, G. and {Brandt}, W.~N. and {Gallagher}, S.~C. and 
	{Garmire}, G.~P.},
    title = "{CHANDRA Detects Relativistic Broad Absorption Lines from APM 08279+5255}",
  journal = {\apj},
   eprint = {astro-ph/0207196},
 keywords = {Galaxies: Active, Cosmology: Gravitational Lensing, Galaxies: Quasars: Absorption Lines, Galaxies: Quasars: Individual: Alphanumeric: APM 08279+5255, X-Rays: Galaxies},
     year = 2002,
    month = nov,
   volume = 579,
    pages = {169-175},
      doi = {10.1086/342744},
   adsurl = {https://ui.adsabs.harvard.edu/abs/2002ApJ...579..169C},
  adsnote = {Provided by the SAO/NASA Astrophysics Data System}
}

@ARTICLE{Pounds2003,
   author = {{Pounds}, K.~A. and {King}, A.~R. and {Page}, K.~L. and {O'Brien}, P.~T.
	},
    title = "{Evidence of a high-velocity ionized outflow in a second narrow-line quasar PG 0844+349}",
  journal = {\mnras},
   eprint = {astro-ph/0305571},
 keywords = {galaxies: active, galaxies: individual: PG 0844+149, galaxies: Seyfert, X-rays: galaxies},
     year = 2003,
    month = dec,
   volume = 346,
    pages = {1025-1030},
      doi = {10.1111/j.1365-2966.2003.07164.x},
   adsurl = {https://ui.adsabs.harvard.edu/abs/2003MNRAS.346.1025P},
  adsnote = {Provided by the SAO/NASA Astrophysics Data System}
}

@ARTICLE{Menci2008,
   author = {{Menci}, N. and {Fiore}, F. and {Puccetti}, S. and {Cavaliere}, A.
	},
    title = "{The Blast Wave Model for AGN Feedback: Effects on AGN Obscuration}",
  journal = {\apj},
archivePrefix = "arXiv",
   eprint = {0806.4543},
 keywords = {galaxies: clusters: general, galaxies: evolution, galaxies: formation},
     year = 2008,
    month = oct,
   volume = 686,
    pages = {219-229},
      doi = {10.1086/591438},
   adsurl = {https://ui.adsabs.harvard.edu/abs/2008ApJ...686..219M},
  adsnote = {Provided by the SAO/NASA Astrophysics Data System}
}


@ARTICLE{Li2019,
       author = {{Li}, Yuan and {Habouzit}, Melanie and {Genel}, Shy and
         {Somerville}, Rachel and {Terrazas}, Bryan A. and {Bell}, Eric F. and
         {Pillepich}, Annalisa and {Nelson}, Dylan and {Weinberger}, Rainer and
         {Rodriguez-Gomez}, Vicente and {Ma}, Chung-Pei and {Pakmor}, Ruediger and
         {Hernquist}, Lars and {Vogelsberger}, Mark},
        title = "{Correlations Between Black Holes and Host Galaxies in the Illustris and IllustrisTNG Simulations}",
      journal = {arXiv e-prints},
     keywords = {Astrophysics - Astrophysics of Galaxies},
         year = "2019",
        month = "Sep",
          eid = {arXiv:1910.00017},
        pages = {arXiv:1910.00017},
archivePrefix = {arXiv},
       eprint = {1910.00017},
 primaryClass = {astro-ph.GA},
       adsurl = {https://ui.adsabs.harvard.edu/abs/2019arXiv191000017L},
      adsnote = {Provided by the SAO/NASA Astrophysics Data System}
}

@ARTICLE{Ding2019,
       author = {{Ding}, Xuheng and {Silverman}, John and {Treu}, Tommaso and
         {Schulze}, Andreas and {Schramm}, Malte and {Birrer}, Simon and
         {Park}, Daeseong and {Jahnke}, Knud and {Bennert}, Vardha N. and
         {Kartaltepe}, Jeyhan S. and {Koekemoer}, Anton M. and
         {Malkan}, Matthew A. and {Sanders}, David},
        title = "{The mass relations between supermassive black holes and their host galaxies at 1<z<2 with HST-WFC3}",
      journal = {arXiv e-prints},
     keywords = {Astrophysics - Astrophysics of Galaxies},
         year = "2019",
        month = "Oct",
          eid = {arXiv:1910.11875},
        pages = {arXiv:1910.11875},
archivePrefix = {arXiv},
       eprint = {1910.11875},
 primaryClass = {astro-ph.GA},
       adsurl = {https://ui.adsabs.harvard.edu/abs/2019arXiv191011875D},
      adsnote = {Provided by the SAO/NASA Astrophysics Data System}
}


@ARTICLE{Pillepich2018,
       author = {{Pillepich}, Annalisa and {Nelson}, Dylan and {Hernquist}, Lars and
         {Springel}, Volker and {Pakmor}, R{\"u}diger and {Torrey}, Paul and
         {Weinberger}, Rainer and {Genel}, Shy and {Naiman}, Jill P. and
         {Marinacci}, Federico and {Vogelsberger}, Mark},
        title = "{First results from the IllustrisTNG simulations: the stellar mass content of groups and clusters of galaxies}",
      journal = {\mnras},
     keywords = {methods: numerical, galaxies: clusters: general, galaxies: general, galaxies: groups: general, cosmology: theory, Astrophysics - Astrophysics of Galaxies, Astrophysics - Cosmology and Nongalactic Astrophysics},
         year = "2018",
        month = "Mar",
       volume = {475},
       number = {1},
        pages = {648-675},
          doi = {10.1093/mnras/stx3112},
archivePrefix = {arXiv},
       eprint = {1707.03406},
 primaryClass = {astro-ph.GA},
       adsurl = {https://ui.adsabs.harvard.edu/abs/2018MNRAS.475..648P},
      adsnote = {Provided by the SAO/NASA Astrophysics Data System}
}


@ARTICLE{Kelly2007,
       author = {{Kelly}, Brandon C.},
        title = "{Some Aspects of Measurement Error in Linear Regression of Astronomical Data}",
      journal = {\apj},
     keywords = {Methods: Data Analysis, Methods: Numerical, Methods: Statistical, Astrophysics},
         year = "2007",
        month = "Aug",
       volume = {665},
       number = {2},
        pages = {1489-1506},
          doi = {10.1086/519947},
archivePrefix = {arXiv},
       eprint = {0705.2774},
 primaryClass = {astro-ph},
       adsurl = {https://ui.adsabs.harvard.edu/abs/2007ApJ...665.1489K},
      adsnote = {Provided by the SAO/NASA Astrophysics Data System}
}

@ARTICLE{Reines2015,
       author = {{Reines}, Amy E. and {Volonteri}, Marta},
        title = "{Relations between Central Black Hole Mass and Total Galaxy Stellar Mass in the Local Universe}",
      journal = {\apj},
     keywords = {galaxies: active, galaxies: evolution, galaxies: nuclei, galaxies: Seyfert, Astrophysics - Astrophysics of Galaxies},
         year = "2015",
        month = "Nov",
       volume = {813},
       number = {2},
          eid = {82},
        pages = {82},
          doi = {10.1088/0004-637X/813/2/82},
archivePrefix = {arXiv},
       eprint = {1508.06274},
 primaryClass = {astro-ph.GA},
       adsurl = {https://ui.adsabs.harvard.edu/abs/2015ApJ...813...82R},
      adsnote = {Provided by the SAO/NASA Astrophysics Data System}
}


@ARTICLE{Thomas2019,
       author = {{Thomas}, Nicole and {Dav{\'e}}, Romeel and
         {Angl{\'e}s-Alc{\'a}zar}, Daniel and {Jarvis}, Matt},
        title = "{Black hole - Galaxy correlations in SIMBA}",
      journal = {\mnras},
     keywords = {galaxies: active, galaxies: evolution, galaxies: formation, galaxies: jets, galaxies: Seyfert, Astrophysics - Astrophysics of Galaxies},
         year = "2019",
        month = "Aug",
       volume = {487},
       number = {4},
        pages = {5764-5780},
          doi = {10.1093/mnras/stz1703},
archivePrefix = {arXiv},
       eprint = {1905.02741},
 primaryClass = {astro-ph.GA},
       adsurl = {https://ui.adsabs.harvard.edu/abs/2019MNRAS.487.5764T},
      adsnote = {Provided by the SAO/NASA Astrophysics Data System}
}

@ARTICLE{2017MNRAS.464.2840A,
       author = {{Angl{\'e}s-Alc{\'a}zar}, Daniel and {Dav{\'e}}, Romeel and
         {Faucher-Gigu{\`e}re}, Claude-Andr{\'e} and {{\"O}zel}, Feryal and
         {Hopkins}, Philip F.},
        title = "{Gravitational torque-driven black hole growth and feedback in cosmological simulations}",
      journal = {\mnras},
     keywords = {galaxies: active, galaxies: evolution, galaxies: formation, intergalactic medium, quasars: supermassive black holes, cosmology: theory, Astrophysics - Astrophysics of Galaxies, Astrophysics - Cosmology and Nongalactic Astrophysics, Astrophysics - High Energy Astrophysical Phenomena},
         year = "2017",
        month = "Jan",
       volume = {464},
       number = {3},
        pages = {2840-2853},
          doi = {10.1093/mnras/stw2565},
archivePrefix = {arXiv},
       eprint = {1603.08007},
 primaryClass = {astro-ph.GA},
       adsurl = {https://ui.adsabs.harvard.edu/abs/2017MNRAS.464.2840A},
      adsnote = {Provided by the SAO/NASA Astrophysics Data System}
}

@ARTICLE{Volonteri2016,
       author = {{Volonteri}, M. and {Dubois}, Y. and {Pichon}, C. and {Devriendt}, J.},
        title = "{The cosmic evolution of massive black holes in the Horizon-AGN simulation}",
      journal = {\mnras},
     keywords = {methods: numerical, galaxies: active, galaxies: evolution, Astrophysics - Astrophysics of Galaxies, Astrophysics - Cosmology and Nongalactic Astrophysics, Astrophysics - High Energy Astrophysical Phenomena},
         year = "2016",
        month = "Aug",
       volume = {460},
       number = {3},
        pages = {2979-2996},
          doi = {10.1093/mnras/stw1123},
archivePrefix = {arXiv},
       eprint = {1602.01941},
 primaryClass = {astro-ph.GA},
       adsurl = {https://ui.adsabs.harvard.edu/abs/2016MNRAS.460.2979V},
      adsnote = {Provided by the SAO/NASA Astrophysics Data System}
}

@ARTICLE{Hopkins2009,
       author = {{Hopkins}, Philip F. and {Murray}, Norman and {Thompson}, Todd A.},
        title = "{The small scatter in BH-host correlations and the case for self-regulated BH growth}",
      journal = {\mnras},
     keywords = {galaxies: active, galaxies: evolution, galaxies: formation, quasars: general, cosmology: theory, Astrophysics - Cosmology and Nongalactic Astrophysics, Astrophysics - Astrophysics of Galaxies, Astrophysics - High Energy Astrophysical Phenomena},
         year = "2009",
        month = "Sep",
       volume = {398},
       number = {1},
        pages = {303-311},
          doi = {10.1111/j.1365-2966.2009.15132.x},
archivePrefix = {arXiv},
       eprint = {0903.3949},
 primaryClass = {astro-ph.CO},
       adsurl = {https://ui.adsabs.harvard.edu/abs/2009MNRAS.398..303H},
      adsnote = {Provided by the SAO/NASA Astrophysics Data System}
}

@ARTICLE{Schramm2013,
       author = {{Schramm}, Malte and {Silverman}, John D.},
        title = "{The Black Hole-Bulge Mass Relation of Active Galactic Nuclei in the Extended Chandra Deep Field-South Survey}",
      journal = {\apj},
     keywords = {galaxies: active, galaxies: evolution, Astrophysics - Cosmology and Nongalactic Astrophysics},
         year = "2013",
        month = "Apr",
       volume = {767},
       number = {1},
          eid = {13},
        pages = {13},
          doi = {10.1088/0004-637X/767/1/13},
archivePrefix = {arXiv},
       eprint = {1212.2999},
 primaryClass = {astro-ph.CO},
       adsurl = {https://ui.adsabs.harvard.edu/abs/2013ApJ...767...13S},
      adsnote = {Provided by the SAO/NASA Astrophysics Data System}
}

@ARTICLE{Jahnke2009,
       author = {{Jahnke}, Knud and {Bongiorno}, Angela and {Brusa}, Marcella and
         {Capak}, Peter and {Cappelluti}, Nico and {Cisternas}, Mauricio and
         {Civano}, Francesca and {Colbert}, James and {Comastri}, Andrea and
         {Elvis}, Martin and {Hasinger}, G{\"u}nther and {Ilbert}, Olivier and
         {Impey}, Chris and {Inskip}, Katherine and {Koekemoer}, Anton M. and
         {Lilly}, Simon and {Maier}, Christian and {Merloni}, Andrea and
         {Riechers}, Dominik and {Salvato}, Mara and {Schinnerer}, Eva and
         {Scoville}, Nick Z. and {Silverman}, John and {Taniguchi}, Yoshi and
         {Trump}, Jonathan R. and {Yan}, Lin},
        title = "{Massive Galaxies in COSMOS: Evolution of Black Hole Versus Bulge Mass but not Versus Total Stellar Mass Over the Last 9 Gyr?}",
      journal = {\apjl},
     keywords = {galaxies: active, galaxies: evolution, galaxies: fundamental parameters, galaxies: nuclei, Astrophysics - Cosmology and Nongalactic Astrophysics},
         year = "2009",
        month = "Dec",
       volume = {706},
       number = {2},
        pages = {L215-L220},
          doi = {10.1088/0004-637X/706/2/L215},
archivePrefix = {arXiv},
       eprint = {0907.5199},
 primaryClass = {astro-ph.CO},
       adsurl = {https://ui.adsabs.harvard.edu/abs/2009ApJ...706L.215J},
      adsnote = {Provided by the SAO/NASA Astrophysics Data System}
}

@ARTICLE{Ellison2011,
       author = {{Ellison}, Sara L. and {Patton}, David R. and {Mendel}, J. Trevor and
         {Scudder}, Jillian M.},
        title = "{Galaxy pairs in the Sloan Digital Sky Survey - IV. Interactions trigger active galactic nuclei}",
      journal = {\mnras},
     keywords = {galaxies: active, galaxies: interactions, Astrophysics - Cosmology and Nongalactic Astrophysics},
         year = "2011",
        month = "Dec",
       volume = {418},
       number = {3},
        pages = {2043-2053},
          doi = {10.1111/j.1365-2966.2011.19624.x},
archivePrefix = {arXiv},
       eprint = {1108.2711},
 primaryClass = {astro-ph.CO},
       adsurl = {https://ui.adsabs.harvard.edu/abs/2011MNRAS.418.2043E},
      adsnote = {Provided by the SAO/NASA Astrophysics Data System}
}

@ARTICLE{Silverman2011,
       author = {{Silverman}, J.~D. and {Kampczyk}, P. and {Jahnke}, K. and {Andrae}, R. and
         {Lilly}, S.~J. and {Elvis}, M. and {Civano}, F. and {Mainieri}, V. and
         {Vignali}, C. and {Zamorani}, G. and {Nair}, P. and {Le F{\`e}vre}, O. and
         {de Ravel}, L. and {Bardelli}, S. and {Bongiorno}, A. and
         {Bolzonella}, M. and {Cappi}, A. and {Caputi}, K. and {Carollo}, C.~M. and
         {Contini}, T. and {Coppa}, G. and {Cucciati}, O. and {de la Torre}, S. and
         {Franzetti}, P. and {Garilli}, B. and {Halliday}, C. and
         {Hasinger}, G. and {Iovino}, A. and {Knobel}, C. and
         {Koekemoer}, A.~M. and {Kova{\v{c}}}, K. and {Lamareille}, F. and
         {Le Borgne}, J. -F. and {Le Brun}, V. and {Maier}, C. and
         {Mignoli}, M. and {Pello}, R. and {P{\'e}rez-Montero}, E. and
         {Ricciardelli}, E. and {Peng}, Y. and {Scodeggio}, M. and {Tanaka}, M. and
         {Tasca}, L. and {Tresse}, L. and {Vergani}, D. and {Zucca}, E. and
         {Brusa}, M. and {Cappelluti}, N. and {Comastri}, A. and
         {Finoguenov}, A. and {Fu}, H. and {Gilli}, R. and {Hao}, H. and
         {Ho}, L.~C. and {Salvato}, M.},
        title = "{The Impact of Galaxy Interactions on Active Galactic Nucleus Activity in zCOSMOS}",
      journal = {\apj},
     keywords = {galaxies: active, galaxies: interactions, quasars: general, X-rays: galaxies, Astrophysics - Cosmology and Nongalactic Astrophysics},
         year = "2011",
        month = "Dec",
       volume = {743},
       number = {1},
          eid = {2},
        pages = {2},
          doi = {10.1088/0004-637X/743/1/2},
archivePrefix = {arXiv},
       eprint = {1109.1292},
 primaryClass = {astro-ph.CO},
       adsurl = {https://ui.adsabs.harvard.edu/abs/2011ApJ...743....2S},
      adsnote = {Provided by the SAO/NASA Astrophysics Data System}
}

@ARTICLE{Goulding2018,
       author = {{Goulding}, Andy D. and {Greene}, Jenny E. and {Bezanson}, Rachel and
         {Greco}, Johnny and {Johnson}, Sean and {Leauthaud}, Alexie and
         {Matsuoka}, Yoshiki and {Medezinski}, Elinor and
         {Price-Whelan}, Adrian M.},
        title = "{Galaxy interactions trigger rapid black hole growth: An unprecedented view from the Hyper Suprime-Cam survey}",
      journal = {\pasj},
     keywords = {galaxies: active, galaxies: evolution, galaxies: interacting, Astrophysics - Astrophysics of Galaxies, Astrophysics - High Energy Astrophysical Phenomena},
         year = "2018",
        month = "Jan",
       volume = {70},
          eid = {S37},
        pages = {S37},
          doi = {10.1093/pasj/psx135},
archivePrefix = {arXiv},
       eprint = {1706.07436},
 primaryClass = {astro-ph.GA},
       adsurl = {https://ui.adsabs.harvard.edu/abs/2018PASJ...70S..37G},
      adsnote = {Provided by the SAO/NASA Astrophysics Data System}
}


