@ARTICLE{2018AJ....156..123A,
       author = {{Astropy Collaboration} and {Price-Whelan}, A.~M. and {Sip{\H{o}}cz}, B.~M. and {G{\"u}nther}, H.~M. and {Lim}, P.~L. and {Crawford}, S.~M. and {Conseil}, S. and {Shupe}, D.~L. and {Craig}, M.~W. and {Dencheva}, N. and {Ginsburg}, A. and {VanderPlas}, J.~T. and {Bradley}, L.~D. and {P{\'e}rez-Su{\'a}rez}, D. and {de Val-Borro}, M. and {Aldcroft}, T.~L. and {Cruz}, K.~L. and {Robitaille}, T.~P. and {Tollerud}, E.~J. and {Ardelean}, C. and {Babej}, T. and {Bach}, Y.~P. and {Bachetti}, M. and {Bakanov}, A.~V. and {Bamford}, S.~P. and {Barentsen}, G. and {Barmby}, P. and {Baumbach}, A. and {Berry}, K.~L. and {Biscani}, F. and {Boquien}, M. and {Bostroem}, K.~A. and {Bouma}, L.~G. and {Brammer}, G.~B. and {Bray}, E.~M. and {Breytenbach}, H. and {Buddelmeijer}, H. and {Burke}, D.~J. and {Calderone}, G. and {Cano Rodr{\'\i}guez}, J.~L. and {Cara}, M. and {Cardoso}, J.~V.~M. and {Cheedella}, S. and {Copin}, Y. and {Corrales}, L. and {Crichton}, D. and {D'Avella}, D. and {Deil}, C. and {Depagne}, {\'E}. and {Dietrich}, J.~P. and {Donath}, A. and {Droettboom}, M. and {Earl}, N. and {Erben}, T. and {Fabbro}, S. and {Ferreira}, L.~A. and {Finethy}, T. and {Fox}, R.~T. and {Garrison}, L.~H. and {Gibbons}, S.~L.~J. and {Goldstein}, D.~A. and {Gommers}, R. and {Greco}, J.~P. and {Greenfield}, P. and {Groener}, A.~M. and {Grollier}, F. and {Hagen}, A. and {Hirst}, P. and {Homeier}, D. and {Horton}, A.~J. and {Hosseinzadeh}, G. and {Hu}, L. and {Hunkeler}, J.~S. and {Ivezi{\'c}}, {\v{Z}}. and {Jain}, A. and {Jenness}, T. and {Kanarek}, G. and {Kendrew}, S. and {Kern}, N.~S. and {Kerzendorf}, W.~E. and {Khvalko}, A. and {King}, J. and {Kirkby}, D. and {Kulkarni}, A.~M. and {Kumar}, A. and {Lee}, A. and {Lenz}, D. and {Littlefair}, S.~P. and {Ma}, Z. and {Macleod}, D.~M. and {Mastropietro}, M. and {McCully}, C. and {Montagnac}, S. and {Morris}, B.~M. and {Mueller}, M. and {Mumford}, S.~J. and {Muna}, D. and {Murphy}, N.~A. and {Nelson}, S. and {Nguyen}, G.~H. and {Ninan}, J.~P. and {N{\"o}the}, M. and {Ogaz}, S. and {Oh}, S. and {Parejko}, J.~K. and {Parley}, N. and {Pascual}, S. and {Patil}, R. and {Patil}, A.~A. and {Plunkett}, A.~L. and {Prochaska}, J.~X. and {Rastogi}, T. and {Reddy Janga}, V. and {Sabater}, J. and {Sakurikar}, P. and {Seifert}, M. and {Sherbert}, L.~E. and {Sherwood-Taylor}, H. and {Shih}, A.~Y. and {Sick}, J. and {Silbiger}, M.~T. and {Singanamalla}, S. and {Singer}, L.~P. and {Sladen}, P.~H. and {Sooley}, K.~A. and {Sornarajah}, S. and {Streicher}, O. and {Teuben}, P. and {Thomas}, S.~W. and {Tremblay}, G.~R. and {Turner}, J.~E.~H. and {Terr{\'o}n}, V. and {van Kerkwijk}, M.~H. and {de la Vega}, A. and {Watkins}, L.~L. and {Weaver}, B.~A. and {Whitmore}, J.~B. and {Woillez}, J. and {Zabalza}, V. and {Astropy Contributors}},
        title = "{The Astropy Project: Building an Open-science Project and Status of the v2.0 Core Package}",
      journal = {\aj},
     keywords = {methods: data analysis, methods: miscellaneous, methods: statistical, reference systems, Astrophysics - Instrumentation and Methods for Astrophysics},
         year = 2018,
        month = sep,
       volume = {156},
       number = {3},
          eid = {123},
        pages = {123},
          doi = {10.3847/1538-3881/aabc4f},
archivePrefix = {arXiv},
       eprint = {1801.02634},
 primaryClass = {astro-ph.IM},
       adsurl = {https://ui.adsabs.harvard.edu/abs/2018AJ....156..123A},
      adsnote = {Provided by the SAO/NASA Astrophysics Data System}
}

@ARTICLE{2013A&A...558A..33A,
       author = {{Astropy Collaboration} and {Robitaille}, Thomas P. and
         {Tollerud}, Erik J. and {Greenfield}, Perry and {Droettboom}, Michael and
         {Bray}, Erik and {Aldcroft}, Tom and {Davis}, Matt and
         {Ginsburg}, Adam and {Price-Whelan}, Adrian M. and
         {Kerzendorf}, Wolfgang E. and {Conley}, Alexander and {Crighton}, Neil and
         {Barbary}, Kyle and {Muna}, Demitri and {Ferguson}, Henry and
         {Grollier}, Fr{\'e}d{\'e}ric and {Parikh}, Madhura M. and
         {Nair}, Prasanth H. and {Unther}, Hans M. and {Deil}, Christoph and
         {Woillez}, Julien and {Conseil}, Simon and {Kramer}, Roban and
         {Turner}, James E.~H. and {Singer}, Leo and {Fox}, Ryan and
         {Weaver}, Benjamin A. and {Zabalza}, Victor and {Edwards}, Zachary I. and
         {Azalee Bostroem}, K. and {Burke}, D.~J. and {Casey}, Andrew R. and
         {Crawford}, Steven M. and {Dencheva}, Nadia and {Ely}, Justin and
         {Jenness}, Tim and {Labrie}, Kathleen and {Lim}, Pey Lian and
         {Pierfederici}, Francesco and {Pontzen}, Andrew and {Ptak}, Andy and
         {Refsdal}, Brian and {Servillat}, Mathieu and {Streicher}, Ole},
        title = "{Astropy: A community Python package for astronomy}",
      journal = {\aap},
     keywords = {methods: data analysis, methods: miscellaneous, virtual observatory tools, Astrophysics - Instrumentation and Methods for Astrophysics},
         year = "2013",
        month = "Oct",
       volume = {558},
          eid = {A33},
        pages = {A33},
          doi = {10.1051/0004-6361/201322068},
archivePrefix = {arXiv},
       eprint = {1307.6212},
 primaryClass = {astro-ph.IM},
       adsurl = {https://ui.adsabs.harvard.edu/abs/2013A&A...558A..33A},
      adsnote = {Provided by the SAO/NASA Astrophysics Data System}
}

@ARTICLE{2014ApJ...793..127V,
       author = {{Vogt}, Fr{\'e}d{\'e}ric P.~A. and {Dopita}, Michael A. and
         {Kewley}, Lisa J. and {Sutherland}, Ralph S. and
         {Scharw{\"a}chter}, Julia and {Basurah}, Hassan M. and {Ali}, Alaa and
         {Amer}, Morsi A.},
        title = "{Galaxy Emission Line Classification Using Three-dimensional Line Ratio Diagrams}",
      journal = {\apj},
     keywords = {galaxies: abundances, galaxies: general, galaxies: Seyfert, galaxies: starburst, H II regions, ISM: lines and bands, Astrophysics - Astrophysics of Galaxies},
         year = "2014",
        month = "Oct",
       volume = {793},
       number = {2},
          eid = {127},
        pages = {127},
          doi = {10.1088/0004-637X/793/2/127},
archivePrefix = {arXiv},
       eprint = {1406.5186},
 primaryClass = {astro-ph.GA},
       adsurl = {https://ui.adsabs.harvard.edu/abs/2014ApJ...793..127V},
      adsnote = {Provided by the SAO/NASA Astrophysics Data System}
}
@ARTICLE{Daddi2010,
       author = {{Daddi}, E. and {Elbaz}, D. and {Walter}, F. and {Bournaud}, F. and {Salmi}, F. and {Carilli}, C. and {Dannerbauer}, H. and {Dickinson}, M. and {Monaco}, P. and {Riechers}, D.},
        title = "{Different Star Formation Laws for Disks Versus Starbursts at Low and High Redshifts}",
      journal = {\apjl},
     keywords = {cosmology: observations, galaxies: evolution, galaxies: formation, galaxies: starburst, infrared: galaxies, Astrophysics - Cosmology and Nongalactic Astrophysics},
         year = 2010,
        month = may,
       volume = {714},
       number = {1},
        pages = {L118-L122},
          doi = {10.1088/2041-8205/714/1/L118},
archivePrefix = {arXiv},
       eprint = {1003.3889},
 primaryClass = {astro-ph.CO},
       adsurl = {https://ui.adsabs.harvard.edu/abs/2010ApJ...714L.118D},
      adsnote = {Provided by the SAO/NASA Astrophysics Data System}
}

@ARTICLE{Rujopakarn2018,
       author = {{Rujopakarn}, W. and {Nyland}, K. and {Rieke}, G.~H. and {Barro}, G. and {Elbaz}, D. and {Ivison}, R.~J. and {Jagannathan}, P. and {Silverman}, J.~D. and {Smol{\v{c}}i{\'c}}, V. and {Wang}, T.},
        title = "{Cospatial Star Formation and Supermassive Black Hole Growth in z {\ensuremath{\sim}} 3 Galaxies: Evidence for In Situ Co-evolution}",
      journal = {\apjl},
     keywords = {galaxies: evolution, galaxies: starburst, Astrophysics - Astrophysics of Galaxies, Astrophysics - Cosmology and Nongalactic Astrophysics},
         year = 2018,
        month = feb,
       volume = {854},
       number = {1},
          eid = {L4},
        pages = {L4},
          doi = {10.3847/2041-8213/aaa9b3},
archivePrefix = {arXiv},
       eprint = {1801.07072},
 primaryClass = {astro-ph.GA},
       adsurl = {https://ui.adsabs.harvard.edu/abs/2018ApJ...854L...4R},
      adsnote = {Provided by the SAO/NASA Astrophysics Data System}
}
@ARTICLE{Silverman2019,
       author = {{Silverman}, John D. and {Treu}, Tommaso and {Ding}, Xuheng and {Jahnke}, Knud and {Bennert}, Vardha N. and {Birrer}, Simon and {Schramm}, Malte and {Schulze}, Andreas and {Kartaltepe}, Jeyhan S. and {Sanders}, David B. and {Cen}, Renyue},
        title = "{Where Do Quasar Hosts Lie with Respect to the Size-Mass Relation of Galaxies?}",
      journal = {\apjl},
     keywords = {Active galactic nuclei, Quasars, Supermassive black holes, AGN host galaxies, 16, 1319, 1663, 2017, Astrophysics - Astrophysics of Galaxies},
         year = 2019,
        month = dec,
       volume = {887},
       number = {1},
          eid = {L5},
        pages = {L5},
          doi = {10.3847/2041-8213/ab5851},
archivePrefix = {arXiv},
       eprint = {1910.14242},
 primaryClass = {astro-ph.GA},
       adsurl = {https://ui.adsabs.harvard.edu/abs/2019ApJ...887L...5S},
      adsnote = {Provided by the SAO/NASA Astrophysics Data System}
}
@ARTICLE{Li2021,
       author = {{Li}, Junyao and {Silverman}, John D. and {Ding}, Xuheng and {Strauss}, Michael A. and {Goulding}, Andy and {Birrer}, Simon and {Yesuf}, Hassen M. and {Xue}, Yongquan and {Kawinwanichakij}, Lalitwadee and {Matsuoka}, Yoshiki and {Toba}, Yoshiki and {Nagao}, Tohru and {Schramm}, Malte and {Inayoshi}, Kohei},
        title = "{The Sizes of Quasar Host Galaxies in the Hyper Suprime-Cam Subaru Strategic Program}",
      journal = {\apj},
     keywords = {Active galactic nuclei, AGN host galaxies, Supermassive black holes, Quasars, Galaxy structure, 16, 2017, 1663, 1319, 622, Astrophysics - Astrophysics of Galaxies},
         year = 2021,
        month = sep,
       volume = {918},
       number = {1},
          eid = {22},
        pages = {22},
          doi = {10.3847/1538-4357/ac06a8},
archivePrefix = {arXiv},
       eprint = {2105.06568},
 primaryClass = {astro-ph.GA},
       adsurl = {https://ui.adsabs.harvard.edu/abs/2021ApJ...918...22L},
      adsnote = {Provided by the SAO/NASA Astrophysics Data System}
}

@ARTICLE{Mag++98,
       author = {{Magorrian}, John and {Tremaine}, Scott and {Richstone}, Douglas and {Bender}, Ralf and {Bower}, Gary and {Dressler}, Alan and {Faber}, S.~M. and {Gebhardt}, Karl and {Green}, Richard and {Grillmair}, Carl and {Kormendy}, John and {Lauer}, Tod},
        title = "{The Demography of Massive Dark Objects in Galaxy Centers}",
      journal = {\aj},
     keywords = {COSMOLOGY: DARK MATTER, GALAXIES: NUCLEI, Astrophysics},
         year = 1998,
        month = jun,
       volume = {115},
       number = {6},
        pages = {2285-2305},
          doi = {10.1086/300353},
archivePrefix = {arXiv},
       eprint = {astro-ph/9708072},
 primaryClass = {astro-ph},
       adsurl = {https://ui.adsabs.harvard.edu/abs/1998AJ....115.2285M},
      adsnote = {Provided by the SAO/NASA Astrophysics Data System}
}


@article{F+M00,
	Adsnote = {Provided by the Smithsonian/NASA Astrophysics Data System},
	Adsurl = {http://adsabs.harvard.edu/cgi-bin/nph-bib_query?bibcode=2000ApJ...539L...9F&db_key=AST},
	Author = {{Ferrarese}, L. and {Merritt}, D.},
	Doi = {10.1086/312838},
	Eprint = {astro-ph/0006053},
	Journal = {\apjl},
	Month = aug,
	Pages = {L9-L12},
	Title = {{A Fundamental Relation between Supermassive Black Holes and Their Host Galaxies}},
	Volume = 539,
	Year = 2000,
	Bdsk-Url-1 = {http://dx.doi.org/10.1086/312838}}

 @article{M+H03,
	Adsnote = {Provided by the Smithsonian/NASA Astrophysics Data System},
	Adsurl = {http://adsabs.harvard.edu/cgi-bin/nph-bib_query?bibcode=2003ApJ...589L..21M&db_key=AST},
	Author = {{Marconi}, A. and {Hunt}, L.~K.},
	Doi = {10.1086/375804},
	Eprint = {astro-ph/0304274},
	Journal = {\apjl},
	Month = may,
	Pages = {L21-L24},
	Title = {{The Relation between Black Hole Mass, Bulge Mass, and Near-Infrared Luminosity}},
	Volume = 589,
	Year = 2003,
	Bdsk-Url-1 = {http://dx.doi.org/10.1086/375804}}

 @article{Gul++09,
	Adsnote = {Provided by the SAO/NASA Astrophysics Data System},
	Adsurl = {http://adsabs.harvard.edu/abs/2009ApJ...698..198G},
	Archiveprefix = {arXiv},
	Author = {{G{\"u}ltekin}, K. and {Richstone}, D.~O. and {Gebhardt}, K. and {Lauer}, T.~R. and {Tremaine}, S. and {Aller}, M.~C. and {Bender}, R. and {Dressler}, A. and {Faber}, S.~M. and {Filippenko}, A.~V. and {Green}, R. and {Ho}, L.~C. and {Kormendy}, J. and {Magorrian}, J. and {Pinkney}, J. and {Siopis}, C.},
	Doi = {10.1088/0004-637X/698/1/198},
	Eprint = {0903.4897},
	Journal = {\apj},
	Keywords = {black hole physics, galaxies: general, galaxies: nuclei, galaxies: statistics, stellar dynamics},
	Month = jun,
	Pages = {198-221},
	Title = {{The M-{$\sigma$} and M-L Relations in Galactic Bulges, and Determinations of Their Intrinsic Scatter}},
	Volume = 698,
	Year = 2009,
	Bdsk-Url-1 = {http://dx.doi.org/10.1088/0004-637X/698/1/198}}

 @ARTICLE{Beifi2012,
   author = {{Beifiori}, A. and {Courteau}, S. and {Corsini}, E.~M. and {Zhu}, Y.
	},
    title = "{On the correlations between galaxy properties and supermassive black hole mass}",
  journal = {\mnras},
archivePrefix = "arXiv",
   eprint = {1109.6265},
 keywords = {black hole physics, galaxies: fundamental parameters, galaxies: kinematics and dynamics, galaxies: photometry, galaxies: statistics},
     year = 2012,
    month = jan,
   volume = 419,
    pages = {2497-2528},
      doi = {10.1111/j.1365-2966.2011.19903.x},
   adsurl = {http://adsabs.harvard.edu/abs/2012MNRAS.419.2497B},
  adsnote = {Provided by the SAO/NASA Astrophysics Data System}
}

@article{H+R04,
	Adsnote = {Provided by the Smithsonian/NASA Astrophysics Data System},
	Adsurl = {http://adsabs.harvard.edu/cgi-bin/nph-bib_query?bibcode=2004ApJ...604L..89H&db_key=AST},
	Author = {{H{\"a}ring}, N. and {Rix}, H.-W.},
	Doi = {10.1086/383567},
	Eprint = {astro-ph/0402376},
	Journal = {\apjl},
	Month = apr,
	Pages = {L89-L92},
	Title = {{On the Black Hole Mass-Bulge Mass Relation}},
	Volume = 604,
	Year = 2004,
	Bdsk-Url-1 = {http://dx.doi.org/10.1086/383567}}

 @ARTICLE{Gra++2011,
   author = {{Graham}, A.~W. and {Onken}, C.~A. and {Athanassoula}, E. and 
	{Combes}, F.},
    title = "{An expanded M$_{bh}$-{$\sigma$} diagram, and a new calibration of active galactic nuclei masses}",
  journal = {\mnras},
archivePrefix = "arXiv",
   eprint = {1007.3834},
 keywords = {black hole physics, catalogues, galaxies: active, galaxies: nuclei, quasars: general, galaxies: Seyfert},
     year = 2011,
    month = apr,
   volume = 412,
    pages = {2211-2228},
      doi = {10.1111/j.1365-2966.2010.18045.x},
   adsurl = {http://adsabs.harvard.edu/abs/2011MNRAS.412.2211G},
  adsnote = {Provided by the SAO/NASA Astrophysics Data System}
}

@ARTICLE{Geb++01b,
       author = {{Gebhardt}, Karl and {Bender}, Ralf and {Bower}, Gary and {Dressler}, Alan and {Faber}, S.~M. and {Filippenko}, Alexei V. and {Green}, Richard and {Grillmair}, Carl and {Ho}, Luis C. and {Kormendy}, John and {Lauer}, Tod R. and {Magorrian}, John and {Pinkney}, Jason and {Richstone}, Douglas and {Tremaine}, Scott},
        title = "{A Relationship between Nuclear Black Hole Mass and Galaxy Velocity Dispersion}",
      journal = {\apjl},
     keywords = {Galaxies: General, Galaxies: Nuclei, Galaxies: Statistics, Astrophysics},
         year = 2000,
        month = aug,
       volume = {539},
       number = {1},
        pages = {L13-L16},
          doi = {10.1086/312840},
archivePrefix = {arXiv},
       eprint = {astro-ph/0006289},
 primaryClass = {astro-ph},
       adsurl = {https://ui.adsabs.harvard.edu/abs/2000ApJ...539L..13G},
      adsnote = {Provided by the SAO/NASA Astrophysics Data System}
}

@PROCEEDINGS{Ho2004,
        title = "{Coevolution of Black Holes and Galaxies}",
     keywords = {astronomy},
    booktitle = {Coevolution of Black Holes and Galaxies},
         year = 2004,
        month = nov,
       adsurl = {https://ui.adsabs.harvard.edu/abs/2004cbhg.symp.....H},
      adsnote = {Provided by the SAO/NASA Astrophysics Data System}
}



@ARTICLE{Ding2020,
       author = {{Ding}, Xuheng and {Silverman}, John and {Treu}, Tommaso and {Schulze}, Andreas and {Schramm}, Malte and {Birrer}, Simon and {Park}, Daeseong and {Jahnke}, Knud and {Bennert}, Vardha N. and {Kartaltepe}, Jeyhan S. and {Koekemoer}, Anton M. and {Malkan}, Matthew A. and {Sanders}, David},
        title = "{The Mass Relations between Supermassive Black Holes and Their Host Galaxies at 1 < z < 2 HST-WFC3}",
      journal = {\apj},
     keywords = {Galaxy evolution, Active galaxies, 594, 17, Astrophysics - Astrophysics of Galaxies},
         year = 2020,
        month = jan,
       volume = {888},
       number = {1},
          eid = {37},
        pages = {37},
          doi = {10.3847/1538-4357/ab5b90},
archivePrefix = {arXiv},
       eprint = {1910.11875},
 primaryClass = {astro-ph.GA},
       adsurl = {https://ui.adsabs.harvard.edu/abs/2020ApJ...888...37D},
      adsnote = {Provided by the SAO/NASA Astrophysics Data System}
}

@ARTICLE{Park15,
   author = {{Park}, D. and {Woo}, J.-H. and {Bennert}, V.~N. and {Treu}, T. and 
	{Auger}, M.~W. and {Malkan}, M.~A.},
    title = "{Cosmic Evolution of Black Holes and Spheroids. V. The Relation between Black Hole Mass and Host Galaxy Luminosity for a Sample of 79 Active Galaxies}",
  journal = {\apj},
archivePrefix = "arXiv",
   eprint = {1411.6334},
 keywords = {galaxies: evolution, quasars: emission lines},
     year = 2015,
    month = feb,
   volume = 799,
      eid = {164},
    pages = {164},
      doi = {10.1088/0004-637X/799/2/164},
   adsurl = {http://adsabs.harvard.edu/abs/2015ApJ...799..164P},
  adsnote = {Provided by the SAO/NASA Astrophysics Data System}
}

@article{Tre++07,
	Adsnote = {Provided by the SAO/NASA Astrophysics Data System},
	Adsurl = {http://adsabs.harvard.edu/abs/2007ApJ...667..117T},
	Archiveprefix = {arXiv},
	Author = {{Treu}, T. and {Woo}, J.-H. and {Malkan}, M.~A. and {Blandford}, R.~D.},
	Doi = {10.1086/520633},
	Eprint = {0706.0519},
	Journal = {\apj},
	Keywords = {Accretion, Accretion Disks, Black Hole Physics, Galaxies: Active, Galaxies: Evolution, Galaxies: Quasars: General},
	Month = sep,
	Pages = {117-130},
	Title = {{Cosmic Evolution of Black Holes and Spheroids. II. Scaling Relations at z=0.36}},
	Volume = 667,
	Year = 2007,
	Bdsk-Url-1 = {http://dx.doi.org/10.1086/520633}}


@ARTICLE{Bennert11,
   author = {{Bennert}, V.~N. and {Auger}, M.~W. and {Treu}, T. and {Woo}, J.-H. and 
	{Malkan}, M.~A.},
    title = "{The Relation between Black Hole Mass and Host Spheroid Stellar Mass Out to z \~{} 2}",
  journal = {\apj},
archivePrefix = "arXiv",
   eprint = {1102.1975},
 keywords = {accretion, accretion disks, black hole physics, galaxies: active, galaxies: evolution, quasars: general},
     year = 2011,
    month = dec,
   volume = 742,
      eid = {107},
    pages = {107},
      doi = {10.1088/0004-637X/742/2/107},
   adsurl = {http://adsabs.harvard.edu/abs/2011ApJ...742..107B},
  adsnote = {Provided by the SAO/NASA Astrophysics Data System}
}

@article{Woo++08,
	Adsnote = {Provided by the SAO/NASA Astrophysics Data System},
	Adsurl = {http://adsabs.harvard.edu/abs/2008ApJ...681..925W},
	Archiveprefix = {arXiv},
	Author = {{Woo}, J.-H. and {Treu}, T. and {Malkan}, M.~A. and {Blandford}, R.~D.},
	Doi = {10.1086/588804},
	Eprint = {0804.0235},
	Journal = {\apj},
	Keywords = {Accretion, Accretion Disks, Galaxies: Active, Galaxies: Evolution, Galaxies: Quasars: General},
	Month = jul,
	Pages = {925-930},
	Title = {{Cosmic Evolution of Black Holes and Spheroids. III. The M_{BH}-{$\sigma$}_{*} Relation in the Last Six Billion Years}},
	Volume = 681,
	Year = 2008,
	Bdsk-Url-1 = {http://dx.doi.org/10.1086/588804}}

 @article{Jah++09,
   author = {{Jahnke}, K. and {Bongiorno}, A. and {Brusa}, M. and {Capak}, P. and 
	{Cappelluti}, N. and {Cisternas}, M. and {Civano}, F. and {Colbert}, J. and 
	{Comastri}, A. and {Elvis}, M. and {Hasinger}, G. and {Ilbert}, O. and 
	{Impey}, C. and {Inskip}, K. and {Koekemoer}, A.~M. and {Lilly}, S. and 
	{Maier}, C. and {Merloni}, A. and {Riechers}, D. and {Salvato}, M. and 
	{Schinnerer}, E. and {Scoville}, N.~Z. and {Silverman}, J. and 
	{Taniguchi}, Y. and {Trump}, J.~R. and {Yan}, L.},
    title = "{Massive Galaxies in COSMOS: Evolution of Black Hole Versus Bulge Mass but not Versus Total Stellar Mass Over the Last 9 Gyr?}",
  journal = {\apjl},
archivePrefix = "arXiv",
   eprint = {0907.5199},
 keywords = {galaxies: active, galaxies: evolution, galaxies: fundamental parameters, galaxies: nuclei},
     year = 2009,
    month = dec,
   volume = 706,
    pages = {L215-L220},
      doi = {10.1088/0004-637X/706/2/L215},
   adsurl = {http://adsabs.harvard.edu/abs/2009ApJ...706L.215J},
  adsnote = {Provided by the SAO/NASA Astrophysics Data System}
}

@ARTICLE{Bennert++2011,
   author = {{Bennert}, V.~N. and {Auger}, M.~W. and {Treu}, T. and {Woo}, J.-H. and 
	{Malkan}, M.~A.},
    title = "{A Local Baseline of the Black Hole Mass Scaling Relations for Active Galaxies. I. Methodology and Results of Pilot Study}",
  journal = {\apj},
archivePrefix = "arXiv",
   eprint = {1008.4602},
 keywords = {accretion, accretion disks, black hole physics, galaxies: active, galaxies: evolution, quasars: general},
     year = 2011,
    month = jan,
   volume = 726,
      eid = {59},
    pages = {59},
      doi = {10.1088/0004-637X/726/2/59},
   adsurl = {http://adsabs.harvard.edu/abs/2011ApJ...726...59B},
  adsnote = {Provided by the SAO/NASA Astrophysics Data System}
}

@ARTICLE{SS13,
   author = {{Schramm}, M. and {Silverman}, J.~D.},
    title = "{The Black Hole-Bulge Mass Relation of Active Galactic Nuclei in the Extended Chandra Deep Field-South Survey}",
  journal = {\apj},
archivePrefix = "arXiv",
   eprint = {1212.2999},
 keywords = {galaxies: active, galaxies: evolution},
     year = 2013,
    month = apr,
   volume = 767,
      eid = {13},
    pages = {13},
      doi = {10.1088/0004-637X/767/1/13},
   adsurl = {http://adsabs.harvard.edu/abs/2013ApJ...767...13S},
  adsnote = {Provided by the SAO/NASA Astrophysics Data System}
}

@ARTICLE{Ding2021,
       author = {{Ding}, Xuheng and {Treu}, Tommaso and {Birrer}, Simon and {Agnello}, Adriano and {Sluse}, Dominique and {Fassnacht}, Chris and {Auger}, Matthew W. and {Wong}, Kenneth C. and {Suyu}, Sherry H. and {Morishita}, Takahiro and {Rusu}, Cristian E. and {Galan}, Aymeric},
        title = "{Testing the evolution of correlations between supermassive black holes and their host galaxies using eight strongly lensed quasars}",
      journal = {\mnras},
     keywords = {gravitational lensing: strong, galaxies: active, galaxies: evolution, Astrophysics - Astrophysics of Galaxies},
         year = 2021,
        month = feb,
       volume = {501},
       number = {1},
        pages = {269-280},
          doi = {10.1093/mnras/staa2992},
archivePrefix = {arXiv},
       eprint = {2005.13550},
 primaryClass = {astro-ph.GA},
       adsurl = {https://ui.adsabs.harvard.edu/abs/2021MNRAS.501..269D},
      adsnote = {Provided by the SAO/NASA Astrophysics Data System}
}


@ARTICLE{Finkelstein2022,
       author = {{Finkelstein}, Steven L. and {Bagley}, Micaela B. and {Arrabal Haro}, Pablo and {Dickinson}, Mark and {Ferguson}, Henry C. and {Kartaltepe}, Jeyhan S. and {Papovich}, Casey and {Burgarella}, Denis and {Kocevski}, Dale D. and {Huertas-Company}, Marc and {Iyer}, Kartheik G. and {Larson}, Rebecca L. and {P{\'e}rez-Gonz{\'a}lez}, Pablo G. and {Rose}, Caitlin and {Tacchella}, Sandro and {Wilkins}, Stephen M. and {Chworowsky}, Katherine and {Medrano}, Aubrey and {Morales}, Alexa M. and {Somerville}, Rachel S. and {Yung}, L.~Y. Aaron and {Fontana}, Adriano and {Giavalisco}, Mauro and {Grazian}, Andrea and {Grogin}, Norman A. and {Kewley}, Lisa J. and {Koekemoer}, Anton M. and {Kirkpatrick}, Allison and {Kurczynski}, Peter and {Lotz}, Jennifer M. and {Pentericci}, Laura and {Pirzkal}, Nor and {Ravindranath}, Swara and {Ryan}, Russell E., Jr. and {Trump}, Jonathan R. and {Yang}, Guang and {Almaini}, Omar and {Amor{\'\i}n}, Ricardo O. and {Annunziatella}, Marianna and {Backhaus}, Bren E. and {Barro}, Guillermo and {Behroozi}, Peter and {Bell}, Eric F. and {Bhatawdekar}, Rachana and {Bisigello}, Laura and {Bromm}, Volker and {Buat}, V{\'e}ronique and {Buitrago}, Fernando and {Calabr{\'o}}, Antonello and {Casey}, Caitlin M. and {Castellano}, Marco and {Ch{\'a}vez Ortiz}, {\'O}scar A. and {Ciesla}, Laure and {Cleri}, Nikko J. and {Cohen}, Seth H. and {Cole}, Justin W. and {Cooke}, Kevin C. and {Cooper}, M.~C. and {Cooray}, Asantha R. and {Costantin}, Luca and {Cox}, Isabella G. and {Croton}, Darren and {Daddi}, Emanuele and {Dav{\'e}}, Romeel and {de la Vega}, Alexander and {Dekel}, Avishai and {Elbaz}, David and {Estrada-Carpenter}, Vicente and {Faber}, Sandra M. and {Fern{\'a}ndez}, Vital and {Finkelstein}, Keely D. and {Freundlich}, Jonathan and {Fujimoto}, Seiji and {Garc{\'\i}a-Argum{\'a}nez}, {\'A}ngela and {Gardner}, Jonathan P. and {Gawiser}, Eric and {G{\'o}mez-Guijarro}, Carlos and {Guo}, Yuchen and {Hamilton}, Timothy S. and {Hathi}, Nimish P. and {Holwerda}, Benne W. and {Hirschmann}, Michaela and {Hutchison}, Taylor A. and {Jha}, Saurabh W. and {Jogee}, Shardha and {Juneau}, St{\'e}phanie and {Jung}, Intae and {Kassin}, Susan A. and {Le Bail}, Aur{\'e}lien and {Leung}, Gene C.~K. and {Lucas}, Ray A. and {Magnelli}, Benjamin and {Mantha}, Kameswara Bharadwaj and {Matharu}, Jasleen and {McGrath}, Elizabeth J. and {McIntosh}, Daniel H. and {Merlin}, Emiliano and {Mobasher}, Bahram and {Newman}, Jeffrey A. and {Nicholls}, David C. and {Pandya}, Viraj and {Rafelski}, Marc and {Ronayne}, Kaila and {Santini}, Paola and {Seill{\'e}}, Lise-Marie and {Shah}, Ekta A. and {Shen}, Lu and {Simons}, Raymond C. and {Snyder}, Gregory F. and {Stanway}, Elizabeth R. and {Straughn}, Amber N. and {Teplitz}, Harry I. and {Vanderhoof}, Brittany N. and {Vega-Ferrero}, Jes{\'u}s and {Wang}, Weichen and {Weiner}, Benjamin J. and {Willmer}, Christopher N.~A. and {Wuyts}, Stijn and {Zavala}, Jorge A.},
        title = "{A Long Time Ago in a Galaxy Far, Far Away: A Candidate z \raisebox{-0.5ex}\textasciitilde 14 Galaxy in Early JWST CEERS Imaging}",
      journal = {arXiv e-prints},
     keywords = {Astrophysics - Astrophysics of Galaxies},
         year = 2022,
        month = jul,
          eid = {arXiv:2207.12474},
        pages = {arXiv:2207.12474},
archivePrefix = {arXiv},
       eprint = {2207.12474},
 primaryClass = {astro-ph.GA},
       adsurl = {https://ui.adsabs.harvard.edu/abs/2022arXiv220712474F},
      adsnote = {Provided by the SAO/NASA Astrophysics Data System}
}


@INPROCEEDINGS{Rieke05,
       author = {{Rieke}, Marcia J. and {Kelly}, Douglas and {Horner}, Scott},
        title = "{Overview of James Webb Space Telescope and NIRCam's Role}",
    booktitle = {Cryogenic Optical Systems and Instruments XI},
         year = 2005,
       editor = {{Heaney}, James B. and {Burriesci}, Lawrence G.},
       series = {Society of Photo-Optical Instrumentation Engineers (SPIE) Conference Series},
       volume = {5904},
        month = aug,
        pages = {1-8},
          doi = {10.1117/12.615554},
       adsurl = {https://ui.adsabs.harvard.edu/abs/2005SPIE.5904....1R},
      adsnote = {Provided by the SAO/NASA Astrophysics Data System}
}


@MISC{CEERS,
       author = {{Finkelstein}, Steven L. and {Dickinson}, Mark and {Ferguson}, Harry C. and {Grazian}, Andrea and {Grogin}, Norman and {Kartaltepe}, Jeyhan and {Kewley}, Lisa and {Kocevski}, Dale D. and {Koekemoer}, Anton M. and {Lotz}, Jennifer and {Papovich}, Casey and {Pentericci}, Laura and {Perez-Gonzalez}, Pablo G. and {Pirzkal}, Norbert and {Ravindranath}, Swara and {Somerville}, Rachel S. and {Trump}, Jonathan R. and {Wilkins}, Stephen Matthew},
        title = "{The Cosmic Evolution Early Release Science (CEERS) Survey}",
 howpublished = {JWST Proposal ID 1345. Cycle 0 Early Release Science},
         year = 2017,
        month = nov,
        pages = {1345},
       adsurl = {https://ui.adsabs.harvard.edu/abs/2017jwst.prop.1345F},
      adsnote = {Provided by the SAO/NASA Astrophysics Data System}
}


@ARTICLE{GAIA16,
       author = {{Gaia Collaboration} and {Prusti}, T. and {de Bruijne}, J.~H.~J. and {Brown}, A.~G.~A. and {Vallenari}, A. and {Babusiaux}, C. and {Bailer-Jones}, C.~A.~L. and {Bastian}, U. and {Biermann}, M. and {Evans}, D.~W. and et al.},
        title = "{The Gaia mission}",
      journal = {\aap},
     keywords = {space vehicles: instruments, Galaxy: structure, astrometry, parallaxes, proper motions, telescopes, Astrophysics - Instrumentation and Methods for Astrophysics},
         year = 2016,
        month = nov,
       volume = {595},
          eid = {A1},
        pages = {A1},
          doi = {10.1051/0004-6361/201629272},
archivePrefix = {arXiv},
       eprint = {1609.04153},
 primaryClass = {astro-ph.IM},
       adsurl = {https://ui.adsabs.harvard.edu/abs/2016A&A...595A...1G},
      adsnote = {Provided by the SAO/NASA Astrophysics Data System}
}

@ARTICLE{Ding2021a,
       author = {{Ding}, Xuheng and {Birrer}, Simon and {Treu}, Tommaso and {Silverman}, John D.},
        title = "{Galaxy shapes of Light (GaLight): a 2D modeling of galaxy images}",
      journal = {arXiv e-prints},
     keywords = {Astrophysics - Astrophysics of Galaxies, Astrophysics - Instrumentation and Methods for Astrophysics},
         year = 2021,
        month = nov,
          eid = {arXiv:2111.08721},
        pages = {arXiv:2111.08721},
archivePrefix = {arXiv},
       eprint = {2111.08721},
 primaryClass = {astro-ph.GA},
       adsurl = {https://ui.adsabs.harvard.edu/abs/2021arXiv211108721D},
      adsnote = {Provided by the SAO/NASA Astrophysics Data System}
}

@ARTICLE{Mechtley2012,
   author = {{Mechtley}, M. and {Windhorst}, R.~A. and {Ryan}, R.~E. and 
	{Schneider}, G. and {Cohen}, S.~H. and {Jansen}, R.~A. and {Fan}, X. and 
	{Hathi}, N.~P. and {Keel}, W.~C. and {Koekemoer}, A.~M. and 
	{R{\"o}ttgering}, H. and {Scannapieco}, E. and {Schneider}, D.~P. and 
	{Strauss}, M.~A. and {Yan}, H.~J.},
    title = "{Near-infrared Imaging of a z = 6.42 Quasar Host Galaxy with the Hubble Space Telescope Wide Field Camera 3}",
  journal = {\apjl},
archivePrefix = "arXiv",
   eprint = {1207.3283},
 primaryClass = "astro-ph.CO",
 keywords = {galaxies: high-redshift, methods: observational, quasars: individual: SDSS J1148+5251},
     year = 2012,
    month = sep,
   volume = 756,
      eid = {L38},
    pages = {L38},
      doi = {10.1088/2041-8205/756/2/L38},
   adsurl = {http://adsabs.harvard.edu/abs/2012ApJ...756L..38M},
  adsnote = {Provided by the SAO/NASA Astrophysics Data System}
}

@ARTICLE{2020ApJS..250....8L,
       author = {{Lyke}, Brad W. and {Higley}, Alexandra N. and {McLane}, J.~N. and {Schurhammer}, Danielle P. and {Myers}, Adam D. and {Ross}, Ashley J. and {Dawson}, Kyle and {Chabanier}, Sol{\`e}ne and {Martini}, Paul and {Busca}, Nicol{\'a}s G. and {Mas des Bourboux}, H{\'e}lion du and {Salvato}, Mara and {Streblyanska}, Alina and {Zarrouk}, Pauline and {Burtin}, Etienne and {Anderson}, Scott F. and {Bautista}, Julian and {Bizyaev}, Dmitry and {Brandt}, W.~N. and {Brinkmann}, Jonathan and {Brownstein}, Joel R. and {Comparat}, Johan and {Green}, Paul and {de la Macorra}, Axel and {Mu{\~n}oz Guti{\'e}rrez}, Andrea and {Hou}, Jiamin and {Newman}, Jeffrey A. and {Palanque-Delabrouille}, Nathalie and {P{\^a}ris}, Isabelle and {Percival}, Will J. and {Petitjean}, Patrick and {Rich}, James and {Rossi}, Graziano and {Schneider}, Donald P. and {Smith}, Alexander and {Vivek}, M. and {Weaver}, Benjamin Alan},
        title = "{The Sloan Digital Sky Survey Quasar Catalog: Sixteenth Data Release}",
      journal = {\apjs},
     keywords = {Catalogs, Surveys, Quasars, Cosmology, Large-scale structure of the universe, Observational cosmology, 205, 1671, 1319, 343, 902, 1146, Astrophysics - Astrophysics of Galaxies, Astrophysics - Cosmology and Nongalactic Astrophysics},
         year = 2020,
        month = sep,
       volume = {250},
       number = {1},
          eid = {8},
        pages = {8},
          doi = {10.3847/1538-4365/aba623},
archivePrefix = {arXiv},
       eprint = {2007.09001},
 primaryClass = {astro-ph.GA},
       adsurl = {https://ui.adsabs.harvard.edu/abs/2020ApJS..250....8L},
      adsnote = {Provided by the SAO/NASA Astrophysics Data System}
}


@ARTICLE{2009ApJS..180..102L,
       author = {{Laird}, E.~S. and {Nandra}, K. and {Georgakakis}, A. and {Aird}, J.~A. and {Barmby}, P. and {Conselice}, C.~J. and {Coil}, A.~L. and {Davis}, M. and {Faber}, S.~M. and {Fazio}, G.~G. and {Guhathakurta}, P. and {Koo}, D.~C. and {Sarajedini}, V. and {Willmer}, C.~N.~A.},
        title = "{AEGIS-X: the Chandra Deep Survey of the Extended Groth Strip}",
      journal = {\apjs},
     keywords = {galaxies: active, galaxies: nuclei, surveys, X-rays: galaxies, Astrophysics},
         year = 2009,
        month = jan,
       volume = {180},
       number = {1},
        pages = {102-116},
          doi = {10.1088/0067-0049/180/1/102},
archivePrefix = {arXiv},
       eprint = {0809.1349},
 primaryClass = {astro-ph},
       adsurl = {https://ui.adsabs.harvard.edu/abs/2009ApJS..180..102L},
      adsnote = {Provided by the SAO/NASA Astrophysics Data System}
}

@ARTICLE{Nandra2015,
       author = {{Nandra}, K. and {Laird}, E.~S. and {Aird}, J.~A. and {Salvato}, M. and {Georgakakis}, A. and {Barro}, G. and {Perez-Gonzalez}, P.~G. and {Barmby}, P. and {Chary}, R. -R. and {Coil}, A. and {Cooper}, M.~C. and {Davis}, M. and {Dickinson}, M. and {Faber}, S.~M. and {Fazio}, G.~G. and {Guhathakurta}, P. and {Gwyn}, S. and {Hsu}, L. -T. and {Huang}, J. -S. and {Ivison}, R.~J. and {Koo}, D.~C. and {Newman}, J.~A. and {Rangel}, C. and {Yamada}, T. and {Willmer}, C.},
        title = "{AEGIS-X: Deep Chandra Imaging of the Central Groth Strip}",
      journal = {\apjs},
     keywords = {galaxies: active, galaxies: nuclei, surveys, Astrophysics - High Energy Astrophysical Phenomena, Astrophysics - Astrophysics of Galaxies},
         year = 2015,
        month = sep,
       volume = {220},
       number = {1},
          eid = {10},
        pages = {10},
          doi = {10.1088/0067-0049/220/1/10},
archivePrefix = {arXiv},
       eprint = {1503.09078},
 primaryClass = {astro-ph.HE},
       adsurl = {https://ui.adsabs.harvard.edu/abs/2015ApJS..220...10N},
      adsnote = {Provided by the SAO/NASA Astrophysics Data System}
}


@ARTICLE{Adams22,
       author = {{Adams}, N.~J. and {Bowler}, R.~A.~A. and {Jarvis}, M.~J. and {Varadaraj}, R.~G. and {H{\"a}u{\ss}ler}, B.},
        title = "{The total rest-frame UV luminosity function from $3 < z < 5$: A simultaneous study of AGN and galaxies from $-28<M_{\rm UV}<-16$}",
      journal = {arXiv e-prints},
     keywords = {Astrophysics - Astrophysics of Galaxies},
         year = 2022,
        month = jul,
          eid = {arXiv:2207.09342},
        pages = {arXiv:2207.09342},
archivePrefix = {arXiv},
       eprint = {2207.09342},
 primaryClass = {astro-ph.GA},
       adsurl = {https://ui.adsabs.harvard.edu/abs/2022arXiv220709342A},
      adsnote = {Provided by the SAO/NASA Astrophysics Data System}
}

@ARTICLE{Koekemoer2011,
       author = {{Koekemoer}, Anton M. and {Faber}, S.~M. and {Ferguson}, Henry C. and {Grogin}, Norman A. and {Kocevski}, Dale D. and {Koo}, David C. and {Lai}, Kamson and {Lotz}, Jennifer M. and {Lucas}, Ray A. and {McGrath}, Elizabeth J. and {Ogaz}, Sara and {Rajan}, Abhijith and {Riess}, Adam G. and {Rodney}, Steve A. and {Strolger}, Louis and {Casertano}, Stefano and {Castellano}, Marco and {Dahlen}, Tomas and {Dickinson}, Mark and {Dolch}, Timothy and {Fontana}, Adriano and {Giavalisco}, Mauro and {Grazian}, Andrea and {Guo}, Yicheng and {Hathi}, Nimish P. and {Huang}, Kuang-Han and {van der Wel}, Arjen and {Yan}, Hao-Jing and {Acquaviva}, Viviana and {Alexander}, David M. and {Almaini}, Omar and {Ashby}, Matthew L.~N. and {Barden}, Marco and {Bell}, Eric F. and {Bournaud}, Fr{\'e}d{\'e}ric and {Brown}, Thomas M. and {Caputi}, Karina I. and {Cassata}, Paolo and {Challis}, Peter J. and {Chary}, Ranga-Ram and {Cheung}, Edmond and {Cirasuolo}, Michele and {Conselice}, Christopher J. and {Roshan Cooray}, Asantha and {Croton}, Darren J. and {Daddi}, Emanuele and {Dav{\'e}}, Romeel and {de Mello}, Duilia F. and {de Ravel}, Loic and {Dekel}, Avishai and {Donley}, Jennifer L. and {Dunlop}, James S. and {Dutton}, Aaron A. and {Elbaz}, David and {Fazio}, Giovanni G. and {Filippenko}, Alexei V. and {Finkelstein}, Steven L. and {Frazer}, Chris and {Gardner}, Jonathan P. and {Garnavich}, Peter M. and {Gawiser}, Eric and {Gruetzbauch}, Ruth and {Hartley}, Will G. and {H{\"a}ussler}, Boris and {Herrington}, Jessica and {Hopkins}, Philip F. and {Huang}, Jia-Sheng and {Jha}, Saurabh W. and {Johnson}, Andrew and {Kartaltepe}, Jeyhan S. and {Khostovan}, Ali A. and {Kirshner}, Robert P. and {Lani}, Caterina and {Lee}, Kyoung-Soo and {Li}, Weidong and {Madau}, Piero and {McCarthy}, Patrick J. and {McIntosh}, Daniel H. and {McLure}, Ross J. and {McPartland}, Conor and {Mobasher}, Bahram and {Moreira}, Heidi and {Mortlock}, Alice and {Moustakas}, Leonidas A. and {Mozena}, Mark and {Nandra}, Kirpal and {Newman}, Jeffrey A. and {Nielsen}, Jennifer L. and {Niemi}, Sami and {Noeske}, Kai G. and {Papovich}, Casey J. and {Pentericci}, Laura and {Pope}, Alexandra and {Primack}, Joel R. and {Ravindranath}, Swara and {Reddy}, Naveen A. and {Renzini}, Alvio and {Rix}, Hans-Walter and {Robaina}, Aday R. and {Rosario}, David J. and {Rosati}, Piero and {Salimbeni}, Sara and {Scarlata}, Claudia and {Siana}, Brian and {Simard}, Luc and {Smidt}, Joseph and {Snyder}, Diana and {Somerville}, Rachel S. and {Spinrad}, Hyron and {Straughn}, Amber N. and {Telford}, Olivia and {Teplitz}, Harry I. and {Trump}, Jonathan R. and {Vargas}, Carlos and {Villforth}, Carolin and {Wagner}, Cory R. and {Wandro}, Pat and {Wechsler}, Risa H. and {Weiner}, Benjamin J. and {Wiklind}, Tommy and {Wild}, Vivienne and {Wilson}, Grant and {Wuyts}, Stijn and {Yun}, Min S.},
        title = "{CANDELS: The Cosmic Assembly Near-infrared Deep Extragalactic Legacy Survey{\textemdash}The Hubble Space Telescope Observations, Imaging Data Products, and Mosaics}",
      journal = {\apjs},
     keywords = {cosmology: observations, galaxies: high-redshift, Astrophysics - Cosmology and Nongalactic Astrophysics},
         year = 2011,
        month = dec,
       volume = {197},
       number = {2},
          eid = {36},
        pages = {36},
          doi = {10.1088/0067-0049/197/2/36},
archivePrefix = {arXiv},
       eprint = {1105.3754},
 primaryClass = {astro-ph.CO},
       adsurl = {https://ui.adsabs.harvard.edu/abs/2011ApJS..197...36K},
      adsnote = {Provided by the SAO/NASA Astrophysics Data System}
}

@INPROCEEDINGS{2011SPIE.8127E..0JK,
       author = {{Krist}, John E. and {Hook}, Richard N. and {Stoehr}, Felix},
        title = "{20 years of Hubble Space Telescope optical modeling using Tiny Tim}",
    booktitle = {Optical Modeling and Performance Predictions V},
         year = 2011,
       editor = {{Kahan}, Mark A.},
       series = {Society of Photo-Optical Instrumentation Engineers (SPIE) Conference Series},
       volume = {8127},
        month = oct,
          eid = {81270J},
        pages = {81270J},
          doi = {10.1117/12.892762},
       adsurl = {https://ui.adsabs.harvard.edu/abs/2011SPIE.8127E..0JK},
      adsnote = {Provided by the SAO/NASA Astrophysics Data System}
}

@INPROCEEDINGS{2014SPIE.9143E..3XP,
       author = {{Perrin}, Marshall D. and {Sivaramakrishnan}, Anand and {Lajoie}, Charles-Philippe and {Elliott}, Erin and {Pueyo}, Laurent and {Ravindranath}, Swara and {Albert}, Lo{\"\i}c.},
        title = "{Updated point spread function simulations for JWST with WebbPSF}",
    booktitle = {Space Telescopes and Instrumentation 2014: Optical, Infrared, and Millimeter Wave},
         year = 2014,
       editor = {{Oschmann}, Jacobus M., Jr. and {Clampin}, Mark and {Fazio}, Giovanni G. and {MacEwen}, Howard A.},
       series = {Society of Photo-Optical Instrumentation Engineers (SPIE) Conference Series},
       volume = {9143},
        month = aug,
          eid = {91433X},
        pages = {91433X},
          doi = {10.1117/12.2056689},
       adsurl = {https://ui.adsabs.harvard.edu/abs/2014SPIE.9143E..3XP},
      adsnote = {Provided by the SAO/NASA Astrophysics Data System}
}


@ARTICLE{2021JOSS....6.3283B,
       author = {{Birrer}, Simon and {Shajib}, Anowar and {Gilman}, Daniel and {Galan}, Aymeric and {Aalbers}, Jelle and {Millon}, Martin and {Morgan}, Robert and {Pagano}, Giulia and {Park}, Ji and {Teodori}, Luca and {Tessore}, Nicolas and {Ueland}, Madison and {Van de Vyvere}, Lyne and {Wagner-Carena}, Sebastian and {Wempe}, Ewoud and {Yang}, Lilan and {Ding}, Xuheng and {Schmidt}, Thomas and {Sluse}, Dominique and {Zhang}, Ming and {Amara}, Adam},
        title = "{lenstronomy II: A gravitational lensing software ecosystem}",
      journal = {The Journal of Open Source Software},
     keywords = {image simulations, Python, gravitational lensing, dynamics, astronomy, Ruby, Astrophysics - Cosmology and Nongalactic Astrophysics, Astrophysics - Astrophysics of Galaxies, Astrophysics - Instrumentation and Methods for Astrophysics},
         year = 2021,
        month = jun,
       volume = {6},
       number = {62},
          eid = {3283},
        pages = {3283},
          doi = {10.21105/joss.03283},
archivePrefix = {arXiv},
       eprint = {2106.05976},
 primaryClass = {astro-ph.CO},
       adsurl = {https://ui.adsabs.harvard.edu/abs/2021JOSS....6.3283B},
      adsnote = {Provided by the SAO/NASA Astrophysics Data System}
}

@ARTICLE{2018PDU....22..189B,
       author = {{Birrer}, Simon and {Amara}, Adam},
        title = "{lenstronomy: Multi-purpose gravitational lens modelling software package}",
      journal = {Physics of the Dark Universe},
     keywords = {Gravitational lensing, Software, Image simulations, Astrophysics - Cosmology and Nongalactic Astrophysics},
         year = 2018,
        month = dec,
       volume = {22},
        pages = {189-201},
          doi = {10.1016/j.dark.2018.11.002},
archivePrefix = {arXiv},
       eprint = {1803.09746},
 primaryClass = {astro-ph.CO},
       adsurl = {https://ui.adsabs.harvard.edu/abs/2018PDU....22..189B},
      adsnote = {Provided by the SAO/NASA Astrophysics Data System}
}

@INPROCEEDINGS{Kennedy1995,
  author={Kennedy, J. and Eberhart, R.},
  booktitle={Proceedings of ICNN'95 - International Conference on Neural Networks}, 
  title={Particle swarm optimization}, 
  year={1995},
  volume={4},
  number={},
  pages={1942-1948 vol.4},
  doi={10.1109/ICNN.1995.488968}}


  @ARTICLE{Zhuang2022,
       author = {{Zhuang}, Ming-Yang and {Ho}, Luis C.},
        title = "{The Star-forming Main Sequence of the Host Galaxies of Low-redshift Quasars}",
      journal = {\apj},
     keywords = {Active galactic nuclei, Galaxy evolution, Galaxy structure, Supermassive black holes, AGN host galaxies, Quasars, 16, 594, 622, 1663, 2017, 1319, Astrophysics - Astrophysics of Galaxies},
         year = 2022,
        month = aug,
       volume = {934},
       number = {2},
          eid = {130},
        pages = {130},
          doi = {10.3847/1538-4357/ac7aaf},
archivePrefix = {arXiv},
       eprint = {2208.01301},
 primaryClass = {astro-ph.GA},
       adsurl = {https://ui.adsabs.harvard.edu/abs/2022ApJ...934..130Z},
      adsnote = {Provided by the SAO/NASA Astrophysics Data System}
}


@ARTICLE{vdW+2012,
       author = {{van der Wel}, A. and {Bell}, E.~F. and {H{\"a}ussler}, B. and {McGrath}, E.~J. and {Chang}, Yu-Yen and {Guo}, Yicheng and {McIntosh}, D.~H. and {Rix}, H. -W. and {Barden}, M. and {Cheung}, E. and {Faber}, S.~M. and {Ferguson}, H.~C. and {Galametz}, A. and {Grogin}, N.~A. and {Hartley}, W. and {Kartaltepe}, J.~S. and {Kocevski}, D.~D. and {Koekemoer}, A.~M. and {Lotz}, J. and {Mozena}, M. and {Peth}, M.~A. and {Peng}, Chien Y.},
        title = "{Structural Parameters of Galaxies in CANDELS}",
      journal = {\apjs},
     keywords = {catalogs, galaxies: high-redshift, galaxies: statistics, galaxies: structure, surveys, Astrophysics - Cosmology and Extragalactic Astrophysics},
         year = 2012,
        month = dec,
       volume = {203},
       number = {2},
          eid = {24},
        pages = {24},
          doi = {10.1088/0067-0049/203/2/24},
archivePrefix = {arXiv},
       eprint = {1211.6954},
 primaryClass = {astro-ph.CO},
       adsurl = {https://ui.adsabs.harvard.edu/abs/2012ApJS..203...24V},
      adsnote = {Provided by the SAO/NASA Astrophysics Data System}
}

@ARTICLE{vdW+2014,
       author = {{van der Wel}, A. and {Franx}, M. and {van Dokkum}, P.~G. and {Skelton}, R.~E. and {Momcheva}, I.~G. and {Whitaker}, K.~E. and {Brammer}, G.~B. and {Bell}, E.~F. and {Rix}, H. -W. and {Wuyts}, S. and {Ferguson}, H.~C. and {Holden}, B.~P. and {Barro}, G. and {Koekemoer}, A.~M. and {Chang}, Yu-Yen and {McGrath}, E.~J. and {H{\"a}ussler}, B. and {Dekel}, A. and {Behroozi}, P. and {Fumagalli}, M. and {Leja}, J. and {Lundgren}, B.~F. and {Maseda}, M.~V. and {Nelson}, E.~J. and {Wake}, D.~A. and {Patel}, S.~G. and {Labb{\'e}}, I. and {Faber}, S.~M. and {Grogin}, N.~A. and {Kocevski}, D.~D.},
        title = "{3D-HST+CANDELS: The Evolution of the Galaxy Size-Mass Distribution since z = 3}",
      journal = {\apj},
     keywords = {galaxies: evolution, galaxies: fundamental parameters, galaxies: high-redshift, galaxies: structure, Astrophysics - Astrophysics of Galaxies, Astrophysics - Cosmology and Nongalactic Astrophysics},
         year = 2014,
        month = jun,
       volume = {788},
       number = {1},
          eid = {28},
        pages = {28},
          doi = {10.1088/0004-637X/788/1/28},
archivePrefix = {arXiv},
       eprint = {1404.2844},
 primaryClass = {astro-ph.GA},
       adsurl = {https://ui.adsabs.harvard.edu/abs/2014ApJ...788...28V},
      adsnote = {Provided by the SAO/NASA Astrophysics Data System}
}


@ARTICLE{Morishita2019,
       author = {{Morishita}, T. and {Abramson}, L.~E. and {Treu}, T. and {Brammer}, G.~B. and {Jones}, T. and {Kelly}, P. and {Stiavelli}, M. and {Trenti}, M. and {Vulcani}, B. and {Wang}, X.},
        title = "{Massive Dead Galaxies at z {\ensuremath{\sim}} 2 with HST Grism Spectroscopy. I. Star Formation Histories and Metallicity Enrichment}",
      journal = {\apj},
     keywords = {galaxies: abundances, galaxies: evolution, galaxies: formation, galaxies: high-redshift, galaxies: star formation, Astrophysics - Astrophysics of Galaxies},
         year = 2019,
        month = jun,
       volume = {877},
       number = {2},
          eid = {141},
        pages = {141},
          doi = {10.3847/1538-4357/ab1d53},
archivePrefix = {arXiv},
       eprint = {1812.06980},
 primaryClass = {astro-ph.GA},
       adsurl = {https://ui.adsabs.harvard.edu/abs/2019ApJ...877..141M},
      adsnote = {Provided by the SAO/NASA Astrophysics Data System}
}
@ARTICLE{Kocevski2022,
       author = {{Kocevski}, Dale D. and {Barro}, Guillermo and {McGrath}, Elizabeth J. and {Finkelstein}, Steven L. and {Bagley}, Micaela B. and {Ferguson}, Henry C. and {Jogee}, Shardha and {Yang}, Guang and {Dickinson}, Mark and {Hathi}, Nimish P. and {Backhaus}, Bren E. and {Bell}, Eric F. and {Bisigello}, Laura and {Buat}, V{\'e}ronique and {Burgarella}, Denis and {Casey}, Caitlin M. and {Cleri}, Nikko J. and {Cooper}, M.~C. and {Costantin}, Luca and {Croton}, Darren and {Daddi}, Emanuele and {Fontana}, Adriano and {Fujimoto}, Seiji and {Gardner}, Jonathan P. and {Gawiser}, Eric and {Giavalisco}, Mauro and {Grazian}, Andrea and {Grogin}, Norman A. and {Guo}, Yuchen and {Arrabal Haro}, Pablo and {Hirschmann}, Michaela and {Holwerda}, Benne W. and {Huertas-Company}, Marc and {Hutchison}, Taylor A. and {Iyer}, Kartheik G. and {Jones}, Brenda and {Juneau}, St{\'e}phanie and {Kartaltepe}, Jeyhan S. and {Kewley}, Lisa J. and {Kirkpatrick}, Allison and {Koekemoer}, Anton M. and {Kurczynski}, Peter and {Le Bail}, Aur{\'e}lien and {Long}, Arianna S. and {Lotz}, Jennifer M. and {Lucas}, Ray A. and {Papovich}, Casey and {Pentericci}, Laura and {P{\'e}rez-Gonz{\'a}lez}, Pablo G. and {Pirzkal}, Nor and {Rafelski}, Marc and {Ravindranath}, Swara and {Somerville}, Rachel S. and {Straughn}, Amber N. and {Tacchella}, Sandro and {Wilkins}, Stephen M. and {Wuyts}, Stijn and {Yung}, L.~Y. Aaron and {Zavala}, Jorge A.},
        title = "{CEERS Key Paper III: The Resolved Host Properties of AGN at 3 < z < 5 with JWST}",
      journal = {arXiv e-prints},
     keywords = {Astrophysics - Astrophysics of Galaxies},
         year = 2022,
        month = aug,
          eid = {arXiv:2208.14480},
        pages = {arXiv:2208.14480},
archivePrefix = {arXiv},
       eprint = {2208.14480},
 primaryClass = {astro-ph.GA},
       adsurl = {https://ui.adsabs.harvard.edu/abs/2022arXiv220814480K},
      adsnote = {Provided by the SAO/NASA Astrophysics Data System}
}

@ARTICLE{Schawinski2012,
       author = {{Schawinski}, Kevin and {Simmons}, Brooke D. and {Urry}, C. Megan and {Treister}, Ezequiel and {Glikman}, Eilat},
        title = "{Heavily obscured quasar host galaxies at z {\ensuremath{\sim}} 2 are discs, not major mergers}",
      journal = {\mnras},
     keywords = {galaxies: active, galaxies: high-redshift, galaxies: Seyfert, Astrophysics - Cosmology and Nongalactic Astrophysics, Astrophysics - High Energy Astrophysical Phenomena},
         year = 2012,
        month = sep,
       volume = {425},
       number = {1},
        pages = {L61-L65},
          doi = {10.1111/j.1745-3933.2012.01302.x},
archivePrefix = {arXiv},
       eprint = {1206.4063},
 primaryClass = {astro-ph.CO},
       adsurl = {https://ui.adsabs.harvard.edu/abs/2012MNRAS.425L..61S},
      adsnote = {Provided by the SAO/NASA Astrophysics Data System}
}
@ARTICLE{Cisternas2011,
       author = {{Cisternas}, Mauricio and {Jahnke}, Knud and {Inskip}, Katherine J. and {Kartaltepe}, Jeyhan and {Koekemoer}, Anton M. and {Lisker}, Thorsten and {Robaina}, Aday R. and {Scodeggio}, Marco and {Sheth}, Kartik and {Trump}, Jonathan R. and {Andrae}, Ren{\'e} and {Miyaji}, Takamitsu and {Lusso}, Elisabeta and {Brusa}, Marcella and {Capak}, Peter and {Cappelluti}, Nico and {Civano}, Francesca and {Ilbert}, Olivier and {Impey}, Chris D. and {Leauthaud}, Alexie and {Lilly}, Simon J. and {Salvato}, Mara and {Scoville}, Nick Z. and {Taniguchi}, Yoshi},
        title = "{The Bulk of the Black Hole Growth Since z \raisebox{-0.5ex}\textasciitilde 1 Occurs in a Secular Universe: No Major Merger-AGN Connection}",
      journal = {\apj},
     keywords = {galaxies: active, galaxies: evolution, galaxies: interactions, quasars: general, Astrophysics - Cosmology and Extragalactic Astrophysics},
         year = 2011,
        month = jan,
       volume = {726},
       number = {2},
          eid = {57},
        pages = {57},
          doi = {10.1088/0004-637X/726/2/57},
archivePrefix = {arXiv},
       eprint = {1009.3265},
 primaryClass = {astro-ph.CO},
       adsurl = {https://ui.adsabs.harvard.edu/abs/2011ApJ...726...57C},
      adsnote = {Provided by the SAO/NASA Astrophysics Data System}
}

@ARTICLE{Kocevski2012,
       author = {{Kocevski}, Dale D. and {Faber}, S.~M. and {Mozena}, Mark and {Koekemoer}, Anton M. and {Nandra}, Kirpal and {Rangel}, Cyprian and {Laird}, Elise S. and {Brusa}, Marcella and {Wuyts}, Stijn and {Trump}, Jonathan R. and {Koo}, David C. and {Somerville}, Rachel S. and {Bell}, Eric F. and {Lotz}, Jennifer M. and {Alexander}, David M. and {Bournaud}, Frederic and {Conselice}, Christopher J. and {Dahlen}, Tomas and {Dekel}, Avishai and {Donley}, Jennifer L. and {Dunlop}, James S. and {Finoguenov}, Alexis and {Georgakakis}, Antonis and {Giavalisco}, Mauro and {Guo}, Yicheng and {Grogin}, Norman A. and {Hathi}, Nimish P. and {Juneau}, St{\'e}phanie and {Kartaltepe}, Jeyhan S. and {Lucas}, Ray A. and {McGrath}, Elizabeth J. and {McIntosh}, Daniel H. and {Mobasher}, Bahram and {Robaina}, Aday R. and {Rosario}, David and {Straughn}, Amber N. and {van der Wel}, Arjen and {Villforth}, Carolin},
        title = "{CANDELS: Constraining the AGN-Merger Connection with Host Morphologies at z \raisebox{-0.5ex}\textasciitilde 2}",
      journal = {\apj},
     keywords = {galaxies: active, galaxies: evolution, X-rays: galaxies, Astrophysics - Cosmology and Nongalactic Astrophysics},
         year = 2012,
        month = jan,
       volume = {744},
       number = {2},
          eid = {148},
        pages = {148},
          doi = {10.1088/0004-637X/744/2/148},
archivePrefix = {arXiv},
       eprint = {1109.2588},
 primaryClass = {astro-ph.CO},
       adsurl = {https://ui.adsabs.harvard.edu/abs/2012ApJ...744..148K},
      adsnote = {Provided by the SAO/NASA Astrophysics Data System}
}

@ARTICLE{Kocevski2017,
       author = {{Kocevski}, Dale D. and {Barro}, Guillermo and {Faber}, S.~M. and {Dekel}, Avishai and {Somerville}, Rachel S. and {Young}, Joshua A. and {Williams}, Christina C. and {McIntosh}, Daniel H. and {Georgakakis}, Antonis and {Hasinger}, Guenther and {Nandra}, Kirpal and {Civano}, Francesca and {Alexander}, David M. and {Almaini}, Omar and {Conselice}, Christopher J. and {Donley}, Jennifer L. and {Ferguson}, Harry C. and {Giavalisco}, Mauro and {Grogin}, Norman A. and {Hathi}, Nimish and {Hawkins}, Matthew and {Koekemoer}, Anton M. and {Koo}, David C. and {McGrath}, Elizabeth J. and {Mobasher}, Bahram and {P{\'e}rez Gonz{\'a}lez}, Pablo G. and {Pforr}, Janine and {Primack}, Joel R. and {Santini}, Paola and {Stefanon}, Mauro and {Trump}, Jonathan R. and {van der Wel}, Arjen and {Wuyts}, Stijn and {Yan}, Haojing},
        title = "{CANDELS: Elevated Black Hole Growth in the Progenitors of Compact Quiescent Galaxies at z {\ensuremath{\sim}} 2}",
      journal = {\apj},
     keywords = {galaxies: active, galaxies: evolution, X-rays: galaxies, Astrophysics - Astrophysics of Galaxies},
         year = 2017,
        month = sep,
       volume = {846},
       number = {2},
          eid = {112},
        pages = {112},
          doi = {10.3847/1538-4357/aa8566},
archivePrefix = {arXiv},
       eprint = {1710.05921},
 primaryClass = {astro-ph.GA},
       adsurl = {https://ui.adsabs.harvard.edu/abs/2017ApJ...846..112K},
      adsnote = {Provided by the SAO/NASA Astrophysics Data System}
}

@ARTICLE{Volonteri2021,
       author = {{Volonteri}, Marta and {Habouzit}, M{\'e}lanie and {Colpi}, Monica},
        title = "{The origins of massive black holes}",
      journal = {Nature Reviews Physics},
     keywords = {Astrophysics - Astrophysics of Galaxies},
         year = 2021,
        month = sep,
       volume = {3},
       number = {11},
        pages = {732-743},
          doi = {10.1038/s42254-021-00364-9},
archivePrefix = {arXiv},
       eprint = {2110.10175},
 primaryClass = {astro-ph.GA},
       adsurl = {https://ui.adsabs.harvard.edu/abs/2021NatRP...3..732V},
      adsnote = {Provided by the SAO/NASA Astrophysics Data System}
}

@software{larry_bradley_2020_4044744,
author       = {Larry Bradley and
                Brigitta Sip{\H o}cz and
                Thomas Robitaille and
                Erik Tollerud and
                Z\`e Vin{\'{\i}}cius and
                Christoph Deil and
                Kyle Barbary and
                Tom J Wilson and
                Ivo Busko and
                Hans Moritz G{\"u}nther and
                Mihai Cara and
                Simon Conseil and
                Azalee Bostroem and
                Michael Droettboom and
                E. M. Bray and
                Lars Andersen Bratholm and
                P. L. Lim and
                Geert Barentsen and
                Matt Craig and
                Sergio Pascual and
                Gabriel Perren and
                Johnny Greco and
                Axel Donath and
                Miguel de Val-Borro and
                Wolfgang Kerzendorf and
                Yoonsoo P. Bach and
                Benjamin Alan Weaver and
                Francesco D'Eugenio and
                Harrison Souchereau and
                Leonardo Ferreira},
title        = {astropy/photutils: 1.0.0},
month        = sep,
year         = 2020,
publisher    = {Zenodo},
version      = {1.0.0},
doi          = {10.5281/zenodo.4044744},
url          = {https://doi.org/10.5281/zenodo.4044744}
}
@ARTICLE{Mechtley2016,
       author = {{Mechtley}, M. and {Jahnke}, K. and {Windhorst}, R.~A. and {Andrae}, R. and {Cisternas}, M. and {Cohen}, S.~H. and {Hewlett}, T. and {Koekemoer}, A.~M. and {Schramm}, M. and {Schulze}, A. and {Silverman}, J.~D. and {Villforth}, C. and {van der Wel}, A. and {Wisotzki}, L.},
        title = "{Do the Most Massive Black Holes at z = 2 Grow via Major Mergers?}",
      journal = {\apj},
     keywords = {galaxies: high-redshift, quasars: general, Astrophysics - Astrophysics of Galaxies},
         year = 2016,
        month = oct,
       volume = {830},
       number = {2},
          eid = {156},
        pages = {156},
          doi = {10.3847/0004-637X/830/2/156},
archivePrefix = {arXiv},
       eprint = {1510.08461},
 primaryClass = {astro-ph.GA},
       adsurl = {https://ui.adsabs.harvard.edu/abs/2016ApJ...830..156M},
      adsnote = {Provided by the SAO/NASA Astrophysics Data System}
}


@ARTICLE{2021ApJ...906..103L,
       author = {{Li}, Jennifer I. -Hsiu and {Shen}, Yue and {Ho}, Luis C. and {Brandt}, W.~N. and {Dalla Bont{\`a}}, Elena and {Fonseca Alvarez}, G. and {Grier}, C.~J. and {Hernandez Santisteban}, J.~V. and {Homayouni}, Y. and {Horne}, Keith and {Peterson}, B.~M. and {Schneider}, D.~P. and {Trump}, Jonathan R.},
        title = "{The Sloan Digital Sky Survey Reverberation Mapping Project: The M$_{BH}$-Host Relations at 0.2 {\ensuremath{\lesssim}} z {\ensuremath{\lesssim}} 0.6 from Reverberation Mapping and Hubble Space Telescope Imaging}",
      journal = {\apj},
     keywords = {black hole physics, Quasars, Active galaxies, Surveys, 159, 1319, 17, 1671, Astrophysics - Astrophysics of Galaxies},
         year = 2021,
        month = jan,
       volume = {906},
       number = {2},
          eid = {103},
        pages = {103},
          doi = {10.3847/1538-4357/abc8e6},
archivePrefix = {arXiv},
       eprint = {2006.02522},
 primaryClass = {astro-ph.GA},
       adsurl = {https://ui.adsabs.harvard.edu/abs/2021ApJ...906..103L},
      adsnote = {Provided by the SAO/NASA Astrophysics Data System}
}

@ARTICLE{Ding2022,
       author = {{Ding}, Xuheng and {Silverman}, John D. and {Treu}, Tommaso and {Li}, Junyao and {Bhowmick}, Aklant K. and {Menci}, Nicola and {Volonteri}, Marta and {Blecha}, Laura and {Matteo}, Tiziana Di and {Dubois}, Yohan},
        title = "{Concordance between Observations and Simulations in the Evolution of the Mass Relation between Supermassive Black Holes and Their Host Galaxies}",
      journal = {\apj},
     keywords = {Galaxy evolution, Active galaxies, Active galactic nuclei, 594, 17, 16, Astrophysics - Astrophysics of Galaxies},
         year = 2022,
        month = jul,
       volume = {933},
       number = {2},
          eid = {132},
        pages = {132},
          doi = {10.3847/1538-4357/ac714c},
archivePrefix = {arXiv},
       eprint = {2205.04481},
 primaryClass = {astro-ph.GA},
       adsurl = {https://ui.adsabs.harvard.edu/abs/2022ApJ...933..132D},
      adsnote = {Provided by the SAO/NASA Astrophysics Data System}
}

@BOOK{sersic,
       author = {{Sersic}, Jose Luis},
        title = "{Atlas de Galaxias Australes}",
         year = 1968,
       adsurl = {https://ui.adsabs.harvard.edu/abs/1968adga.book.....S},
      adsnote = {Provided by the SAO/NASA Astrophysics Data System}
}

@ARTICLE{Ono2022,
       author = {{Ono}, Yoshiaki and {Harikane}, Yuichi and {Ouchi}, Masami and {Yajima}, Hidenobu and {Abe}, Makito and {Isobe}, Yuki and {Shibuya}, Takatoshi and {Zhang}, Yechi and {Nakajima}, Kimihiko and {Umeda}, Hiroya},
        title = "{Morphologies of Galaxies at $z \simeq 9-17$ Uncovered by JWST/NIRCam Imaging: Cosmic Size Evolution and an Identification of an Extremely Compact Bright Galaxy at $z\sim 12$}",
      journal = {arXiv e-prints},
     keywords = {Astrophysics - Astrophysics of Galaxies},
         year = 2022,
        month = aug,
          eid = {arXiv:2208.13582},
        pages = {arXiv:2208.13582},
archivePrefix = {arXiv},
       eprint = {2208.13582},
 primaryClass = {astro-ph.GA},
       adsurl = {https://ui.adsabs.harvard.edu/abs/2022arXiv220813582O},
      adsnote = {Provided by the SAO/NASA Astrophysics Data System}
}

@ARTICLE{2022arXiv220907325O,
       author = {{Onoue}, Masafusa and {Inayoshi}, Kohei and {Ding}, Xuheng and {Li}, Wenxiu and {Li}, Zhengrong and {Molina}, Juan and {Inoue}, Akio K. and {Jiang}, Linhua and {Ho}, Luis C.},
        title = "{A Candidate of a Least-Massive Black Hole at the First 1.1 Billion Years of the Universe}",
      journal = {arXiv e-prints},
     keywords = {Astrophysics - Astrophysics of Galaxies},
         year = 2022,
        month = sep,
          eid = {arXiv:2209.07325},
        pages = {arXiv:2209.07325},
archivePrefix = {arXiv},
       eprint = {2209.07325},
 primaryClass = {astro-ph.GA},
       adsurl = {https://ui.adsabs.harvard.edu/abs/2022arXiv220907325O},
      adsnote = {Provided by the SAO/NASA Astrophysics Data System}
}

@ARTICLE{Stacey2021,
       author = {{Stacey}, H.~R. and {McKean}, J.~P. and {Powell}, D.~M. and {Vegetti}, S. and {Rizzo}, F. and {Spingola}, C. and {Auger}, M.~W. and {Ivison}, R.~J. and {van der Werf}, P.~P.},
        title = "{The rocky road to quiescence: compaction and quenching of quasar host galaxies at z {\ensuremath{\sim}} 2}",
      journal = {\mnras},
     keywords = {gravitational lensing: strong, galaxies: evolution, galaxies: high-redshift, quasars: general, galaxies: star formation, submillimetre: galaxies, Astrophysics - Astrophysics of Galaxies},
         year = 2021,
        month = jan,
       volume = {500},
       number = {3},
        pages = {3667-3688},
          doi = {10.1093/mnras/staa3433},
archivePrefix = {arXiv},
       eprint = {2009.01277},
 primaryClass = {astro-ph.GA},
       adsurl = {https://ui.adsabs.harvard.edu/abs/2021MNRAS.500.3667S},
      adsnote = {Provided by the SAO/NASA Astrophysics Data System}
}



@ARTICLE{Kroupa2020,
       author = {{Kroupa}, Pavel and {Subr}, Ladislav and {Jerabkova}, Tereza and {Wang}, Long},
        title = "{Very high redshift quasars and the rapid emergence of supermassive black holes}",
      journal = {\mnras},
     keywords = {galaxies: formation, galaxies: nuclei, quasars: general, galaxies: star clusters: general, galaxies: star formation, cosmology: miscellaneous, Astrophysics - Astrophysics of Galaxies},
         year = 2020,
        month = nov,
       volume = {498},
       number = {4},
        pages = {5652-5683},
          doi = {10.1093/mnras/staa2276},
archivePrefix = {arXiv},
       eprint = {2007.14402},
 primaryClass = {astro-ph.GA},
       adsurl = {https://ui.adsabs.harvard.edu/abs/2020MNRAS.498.5652K},
      adsnote = {Provided by the SAO/NASA Astrophysics Data System}
}

@ARTICLE{Miller2022,
       author = {{Miller}, Tim B. and {Whitaker}, Katherine E. and {Nelson}, Erica J. and {van Dokkum}, Pieter and {Bezanson}, Rachel and {Brammer}, Gabriel and {Heintz}, Kasper E. and {Leja}, Joel and {Suess}, Katherine A. and {Weaver}, John R.},
        title = "{Early JWST imaging reveals strong optical and NIR color gradients in galaxies at $z\sim2$ driven mostly by dust}",
      journal = {arXiv e-prints},
     keywords = {Astrophysics - Astrophysics of Galaxies},
         year = 2022,
        month = sep,
          eid = {arXiv:2209.12954},
        pages = {arXiv:2209.12954},
archivePrefix = {arXiv},
       eprint = {2209.12954},
 primaryClass = {astro-ph.GA},
       adsurl = {https://ui.adsabs.harvard.edu/abs/2022arXiv220912954M},
      adsnote = {Provided by the SAO/NASA Astrophysics Data System}
}

