@PREAMBLE{"\newcommand{\noopsort}[1]{}"}
@ARTICLE{dubois_snreg_2015,
       author = {{Dubois}, Yohan and {Volonteri}, Marta and {Silk}, Joseph and {Devriendt}, Julien and {Slyz}, Adrianne and {Teyssier}, Romain},
        title = "{Black hole evolution - I. Supernova-regulated black hole growth}",
      journal = {\mnras},
     keywords = {methods: numerical, galaxies: active, galaxies: evolution, galaxies: formation, Astrophysics - Astrophysics of Galaxies},
         year = 2015,
        month = sep,
       volume = {452},
       number = {2},
        pages = {1502-1518},
          doi = {10.1093/mnras/stv1416},
archivePrefix = {arXiv},
       eprint = {1504.00018},
 primaryClass = {astro-ph.GA},
       adsurl = {https://ui.adsabs.harvard.edu/abs/2015MNRAS.452.1502D},
      adsnote = {Provided by the SAO/NASA Astrophysics Data System}
}

@ARTICLE{habouzit_blossom_2017,
       author = {{Habouzit}, M{\'e}lanie and {Volonteri}, Marta and {Dubois}, Yohan},
        title = "{Blossoms from black hole seeds: properties and early growth regulated by supernova feedback}",
      journal = {\mnras},
     keywords = {black hole physics, methods: numerical, galaxies: evolution, galaxies: formation, galaxies: high redshift, Astrophysics - Astrophysics of Galaxies},
         year = 2017,
        month = jul,
       volume = {468},
       number = {4},
        pages = {3935-3948},
          doi = {10.1093/mnras/stx666},
archivePrefix = {arXiv},
       eprint = {1605.09394},
 primaryClass = {astro-ph.GA},
       adsurl = {https://ui.adsabs.harvard.edu/abs/2017MNRAS.468.3935H},
      adsnote = {Provided by the SAO/NASA Astrophysics Data System}
}

@ARTICLE{angles_black_2017,
       author = {{Angl{\'e}s-Alc{\'a}zar}, Daniel and {Faucher-Gigu{\`e}re}, Claude-Andr{\'e} and {Quataert}, Eliot and {Hopkins}, Philip F. and {Feldmann}, Robert and {Torrey}, Paul and {Wetzel}, Andrew and {Kere{\v{s}}}, Du{\v{s}}an},
        title = "{Black holes on FIRE: stellar feedback limits early feeding of galactic nuclei}",
      journal = {\mnras},
     keywords = {black hole physics, galaxies: active, galaxies: evolution, galaxies: formation, quasars: supermassive black holes, cosmology: theory, Astrophysics - Astrophysics of Galaxies, Astrophysics - Cosmology and Nongalactic Astrophysics, Astrophysics - High Energy Astrophysical Phenomena},
         year = 2017,
        month = nov,
       volume = {472},
       number = {1},
        pages = {L109-L114},
          doi = {10.1093/mnrasl/slx161},
archivePrefix = {arXiv},
       eprint = {1707.03832},
 primaryClass = {astro-ph.GA},
       adsurl = {https://ui.adsabs.harvard.edu/abs/2017MNRAS.472L.109A},
      adsnote = {Provided by the SAO/NASA Astrophysics Data System}
}

@ARTICLE{bower_dark_2017,
       author = {{Bower}, Richard G. and {Schaye}, Joop and {Frenk}, Carlos S. and {Theuns}, Tom and {Schaller}, Matthieu and {Crain}, Robert A. and {McAlpine}, Stuart},
        title = "{The dark nemesis of galaxy formation: why hot haloes trigger black hole growth and bring star formation to an end}",
      journal = {\mnras},
     keywords = {black hole physics, galaxies: active, galaxies: formation, quasars: general, Astrophysics - Astrophysics of Galaxies},
         year = 2017,
        month = feb,
       volume = {465},
       number = {1},
        pages = {32-44},
          doi = {10.1093/mnras/stw2735},
archivePrefix = {arXiv},
       eprint = {1607.07445},
 primaryClass = {astro-ph.GA},
       adsurl = {https://ui.adsabs.harvard.edu/abs/2017MNRAS.465...32B},
      adsnote = {Provided by the SAO/NASA Astrophysics Data System}
}

@ARTICLE{Tre++04,
       author = {{Treu}, Tommaso and {Malkan}, Matthew A. and {Blandford}, Roger D.},
        title = "{The Relation Between Black Hole Mass and Velocity Dispersion at z \raisebox{-0.5ex}\textasciitilde 0.37}",
      journal = {\apjl},
     keywords = {Galaxies: Elliptical and Lenticular, cD, Galaxies: Evolution, Galaxies: Formation, Astrophysics},
         year = 2004,
        month = nov,
       volume = {615},
       number = {2},
        pages = {L97-L100},
          doi = {10.1086/426437},
archivePrefix = {arXiv},
       eprint = {astro-ph/0410007},
 primaryClass = {astro-ph},
       adsurl = {https://ui.adsabs.harvard.edu/abs/2004ApJ...615L..97T},
      adsnote = {Provided by the SAO/NASA Astrophysics Data System}
}


@ARTICLE{2010ApJS..189..309L,
       author = {{Leitherer}, Claus and {Ortiz Ot{\'a}lvaro}, Paula A. and {Bresolin}, Fabio and {Kudritzki}, Rolf-Peter and {Lo Faro}, Barbara and {Pauldrach}, Adalbert W.~A. and {Pettini}, Max and {Rix}, Samantha A.},
        title = "{A Library of Theoretical Ultraviolet Spectra of Massive, Hot Stars for Evolutionary Synthesis}",
      journal = {\apjs},
     keywords = {galaxies: abundances, galaxies: high-redshift, galaxies: stellar content, hydrodynamics, line: profiles, stars: early-type, stars: mass-loss, ultraviolet: stars, Astrophysics - Solar and Stellar Astrophysics, Astrophysics - Cosmology and Nongalactic Astrophysics},
         year = 2010,
        month = aug,
       volume = {189},
       number = {2},
        pages = {309-335},
          doi = {10.1088/0067-0049/189/2/309},
archivePrefix = {arXiv},
       eprint = {1006.5624},
 primaryClass = {astro-ph.SR},
       adsurl = {https://ui.adsabs.harvard.edu/abs/2010ApJS..189..309L},
      adsnote = {Provided by the SAO/NASA Astrophysics Data System}
}


@ARTICLE{2003PASP..115..763C,
       author = {{Chabrier}, Gilles},
        title = "{Galactic Stellar and Substellar Initial Mass Function}",
      journal = {\pasp},
     keywords = {Galaxies: Luminosity Function, Mass Function, Invited Reviews, Astrophysics},
         year = 2003,
        month = jul,
       volume = {115},
       number = {809},
        pages = {763-795},
          doi = {10.1086/376392},
archivePrefix = {arXiv},
       eprint = {astro-ph/0304382},
 primaryClass = {astro-ph},
       adsurl = {https://ui.adsabs.harvard.edu/abs/2003PASP..115..763C},
      adsnote = {Provided by the SAO/NASA Astrophysics Data System}
}

@article{Mag++98,
	Adsnote = {Provided by the Smithsonian/NASA Astrophysics Data System},
	Adsurl = {http://adsabs.harvard.edu/cgi-bin/nph-bib_query?bibcode=1998AJ....115.2285M&db_key=AST},
	Author = {{Magorrian}, J. and {Tremaine}, S. and {Richstone}, D. and {Bender}, R. and {Bower}, G. and {Dressler}, A. and {Faber}, S.~M. and {Gebhardt}, K. and {Green}, R. and {Grillmair}, C. and {Kormendy}, J. and {Lauer}, T.},
	Doi = {10.1086/300353},
	Eprint = {astro-ph/9708072},
	Journal = {\aj},
	Month = jun,
	Pages = {2285-2305},
	Title = {{The Demography of Massive Dark Objects in Galaxy Centers}},
	Volume = 115,
	Year = 1998,
	Bdsk-Url-1 = {http://dx.doi.org/10.1086/300353}}

@article{F+M00,
	Adsnote = {Provided by the Smithsonian/NASA Astrophysics Data System},
	Adsurl = {http://adsabs.harvard.edu/cgi-bin/nph-bib_query?bibcode=2000ApJ...539L...9F&db_key=AST},
	Author = {{Ferrarese}, L. and {Merritt}, D.},
	Doi = {10.1086/312838},
	Eprint = {astro-ph/0006053},
	Journal = {\apjl},
	Month = aug,
	Pages = {L9-L12},
	Title = {{A Fundamental Relation between Supermassive Black Holes and Their Host Galaxies}},
	Volume = 539,
	Year = 2000,
	Bdsk-Url-1 = {http://dx.doi.org/10.1086/312838}}

@article{Gul++09,
	Adsnote = {Provided by the SAO/NASA Astrophysics Data System},
	Adsurl = {http://adsabs.harvard.edu/abs/2009ApJ...698..198G},
	Archiveprefix = {arXiv},
	Author = {{G{\"u}ltekin}, K. and {Richstone}, D.~O. and {Gebhardt}, K. and {Lauer}, T.~R. and {Tremaine}, S. and {Aller}, M.~C. and {Bender}, R. and {Dressler}, A. and {Faber}, S.~M. and {Filippenko}, A.~V. and {Green}, R. and {Ho}, L.~C. and {Kormendy}, J. and {Magorrian}, J. and {Pinkney}, J. and {Siopis}, C.},
	Doi = {10.1088/0004-637X/698/1/198},
	Eprint = {0903.4897},
	Journal = {\apj},
	Keywords = {black hole physics, galaxies: general, galaxies: nuclei, galaxies: statistics, stellar dynamics},
	Month = jun,
	Pages = {198-221},
	Title = {{The M-{$\sigma$} and M-L Relations in Galactic Bulges, and Determinations of Their Intrinsic Scatter}},
	Volume = 698,
	Year = 2009,
	Bdsk-Url-1 = {http://dx.doi.org/10.1088/0004-637X/698/1/198}}
	
	
@article{M+H03,
	Adsnote = {Provided by the Smithsonian/NASA Astrophysics Data System},
	Adsurl = {http://adsabs.harvard.edu/cgi-bin/nph-bib_query?bibcode=2003ApJ...589L..21M&db_key=AST},
	Author = {{Marconi}, A. and {Hunt}, L.~K.},
	Doi = {10.1086/375804},
	Eprint = {astro-ph/0304274},
	Journal = {\apjl},
	Month = may,
	Pages = {L21-L24},
	Title = {{The Relation between Black Hole Mass, Bulge Mass, and Near-Infrared Luminosity}},
	Volume = 589,
	Year = 2003,
	Bdsk-Url-1 = {http://dx.doi.org/10.1086/375804}}
	
	
@article{H+R04,
	Adsnote = {Provided by the Smithsonian/NASA Astrophysics Data System},
	Adsurl = {http://adsabs.harvard.edu/cgi-bin/nph-bib_query?bibcode=2004ApJ...604L..89H&db_key=AST},
	Author = {{H{\"a}ring}, N. and {Rix}, H.-W.},
	Doi = {10.1086/383567},
	Eprint = {astro-ph/0402376},
	Journal = {\apjl},
	Month = apr,
	Pages = {L89-L92},
	Title = {{On the Black Hole Mass-Bulge Mass Relation}},
	Volume = 604,
	Year = 2004,
	Bdsk-Url-1 = {http://dx.doi.org/10.1086/383567}}	

@ARTICLE{Peng2006a,
   author = {{Peng}, C.~Y. and {Impey}, C.~D. and {Ho}, L.~C. and {Barton}, E.~J. and 
	{Rix}, H.-W.},
    title = "{Probing the Coevolution of Supermassive Black Holes and Quasar Host Galaxies}",
  journal = {\apj},
   eprint = {astro-ph/0509155},
 keywords = {Galaxies: Bulges, Galaxies: Evolution, Galaxies: Fundamental Parameters, Galaxies: Structure, Galaxies: Quasars: General},
     year = 2006,
    month = mar,
   volume = 640,
    pages = {114-125},
      doi = {10.1086/499930},
   adsurl = {http://adsabs.harvard.edu/abs/2006ApJ...640..114P},
  adsnote = {Provided by the SAO/NASA Astrophysics Data System}
}

@article{Tre++07,
	Adsnote = {Provided by the SAO/NASA Astrophysics Data System},
	Adsurl = {http://adsabs.harvard.edu/abs/2007ApJ...667..117T},
	Archiveprefix = {arXiv},
	Author = {{Treu}, T. and {Woo}, J.-H. and {Malkan}, M.~A. and {Blandford}, R.~D.},
	Doi = {10.1086/520633},
	Eprint = {0706.0519},
	Journal = {\apj},
	Keywords = {Accretion, Accretion Disks, Black Hole Physics, Galaxies: Active, Galaxies: Evolution, Galaxies: Quasars: General},
	Month = sep,
	Pages = {117-130},
	Title = {{Cosmic Evolution of Black Holes and Spheroids. II. Scaling Relations at z=0.36}},
	Volume = 667,
	Year = 2007,
	Bdsk-Url-1 = {http://dx.doi.org/10.1086/520633}}

	
@article{Woo++08,
	Adsnote = {Provided by the SAO/NASA Astrophysics Data System},
	Adsurl = {http://adsabs.harvard.edu/abs/2008ApJ...681..925W},
	Archiveprefix = {arXiv},
	Author = {{Woo}, J.-H. and {Treu}, T. and {Malkan}, M.~A. and {Blandford}, R.~D.},
	Doi = {10.1086/588804},
	Eprint = {0804.0235},
	Journal = {\apj},
	Keywords = {Accretion, Accretion Disks, Galaxies: Active, Galaxies: Evolution, Galaxies: Quasars: General},
	Month = jul,
	Pages = {925-930},
	Title = {{Cosmic Evolution of Black Holes and Spheroids. III. The MBH-sigma Relation in the Last Six Billion Years}},
	Volume = 681,
	Year = 2008,
	Bdsk-Url-1 = {http://dx.doi.org/10.1086/588804}}
	
@ARTICLE{Jahnke2009,
       author = {{Jahnke}, Knud and {Bongiorno}, Angela and {Brusa}, Marcella and
         {Capak}, Peter and {Cappelluti}, Nico and {Cisternas}, Mauricio and
         {Civano}, Francesca and {Colbert}, James and {Comastri}, Andrea and
         {Elvis}, Martin and {Hasinger}, G{\"u}nther and {Ilbert}, Olivier and
         {Impey}, Chris and {Inskip}, Katherine and {Koekemoer}, Anton M. and
         {Lilly}, Simon and {Maier}, Christian and {Merloni}, Andrea and
         {Riechers}, Dominik and {Salvato}, Mara and {Schinnerer}, Eva and
         {Scoville}, Nick Z. and {Silverman}, John and {Taniguchi}, Yoshi and
         {Trump}, Jonathan R. and {Yan}, Lin},
        title = "{Massive Galaxies in COSMOS: Evolution of Black Hole Versus Bulge Mass but not Versus Total Stellar Mass Over the Last 9 Gyr?}",
      journal = {\apjl},
     keywords = {galaxies: active, galaxies: evolution, galaxies: fundamental parameters, galaxies: nuclei, Astrophysics - Cosmology and Nongalactic Astrophysics},
         year = "2009",
        month = "Dec",
       volume = {706},
       number = {2},
        pages = {L215-L220},
          doi = {10.1088/0004-637X/706/2/L215},
archivePrefix = {arXiv},
       eprint = {0907.5199},
 primaryClass = {astro-ph.CO},
       adsurl = {https://ui.adsabs.harvard.edu/abs/2009ApJ...706L.215J},
      adsnote = {Provided by the SAO/NASA Astrophysics Data System}
}
	
	
@ARTICLE{Bennert11,
   author = {{Bennert}, V.~N. and {Auger}, M.~W. and {Treu}, T. and {Woo}, J.-H. and 
	{Malkan}, M.~A.},
    title = "{The Relation between Black Hole Mass and Host Spheroid Stellar Mass Out to z \~{} 2}",
  journal = {\apj},
archivePrefix = "arXiv",
   eprint = {1102.1975},
 keywords = {accretion, accretion disks, black hole physics, galaxies: active, galaxies: evolution, quasars: general},
     year = 2011,
    month = dec,
   volume = 742,
      eid = {107},
    pages = {107},
      doi = {10.1088/0004-637X/742/2/107},
   adsurl = {http://adsabs.harvard.edu/abs/2011ApJ...742..107B},
  adsnote = {Provided by the SAO/NASA Astrophysics Data System}
}	

@ARTICLE{Schramm2013,
       author = {{Schramm}, Malte and {Silverman}, John D.},
        title = "{The Black Hole-Bulge Mass Relation of Active Galactic Nuclei in the Extended Chandra Deep Field-South Survey}",
      journal = {\apj},
     keywords = {galaxies: active, galaxies: evolution, Astrophysics - Cosmology and Nongalactic Astrophysics},
         year = "2013",
        month = "Apr",
       volume = {767},
       number = {1},
          eid = {13},
        pages = {13},
          doi = {10.1088/0004-637X/767/1/13},
archivePrefix = {arXiv},
       eprint = {1212.2999},
 primaryClass = {astro-ph.CO},
       adsurl = {https://ui.adsabs.harvard.edu/abs/2013ApJ...767...13S},
      adsnote = {Provided by the SAO/NASA Astrophysics Data System}
}

@ARTICLE{Park15,
   author = {{Park}, D. and {Woo}, J.-H. and {Bennert}, V.~N. and {Treu}, T. and 
	{Auger}, M.~W. and {Malkan}, M.~A.},
    title = "{Cosmic Evolution of Black Holes and Spheroids. V. The Relation between Black Hole Mass and Host Galaxy Luminosity for a Sample of 79 Active Galaxies}",
  journal = {\apj},
archivePrefix = "arXiv",
   eprint = {1411.6334},
 keywords = {galaxies: evolution, quasars: emission lines},
     year = 2015,
    month = feb,
   volume = 799,
      eid = {164},
    pages = {164},
      doi = {10.1088/0004-637X/799/2/164},
   adsurl = {http://adsabs.harvard.edu/abs/2015ApJ...799..164P},
  adsnote = {Provided by the SAO/NASA Astrophysics Data System}
}


@ARTICLE{Mechtley2016,
       author = {{Mechtley}, M. and {Jahnke}, K. and {Windhorst}, R.~A. and {Andrae}, R. and
         {Cisternas}, M. and {Cohen}, S.~H. and {Hewlett}, T. and
         {Koekemoer}, A.~M. and {Schramm}, M. and {Schulze}, A.},
        title = "{Do the Most Massive Black Holes at z = 2 Grow via Major Mergers?}",
      journal = {\apj},
     keywords = {galaxies: high-redshift, quasars: general, Astrophysics - Astrophysics of Galaxies},
         year = "2016",
        month = "Oct",
       volume = {830},
       number = {2},
          eid = {156},
        pages = {156},
          doi = {10.3847/0004-637X/830/2/156},
archivePrefix = {arXiv},
       eprint = {1510.08461},
 primaryClass = {astro-ph.GA},
       adsurl = {https://ui.adsabs.harvard.edu/abs/2016ApJ...830..156M},
      adsnote = {Provided by the SAO/NASA Astrophysics Data System}
}

@ARTICLE{Ding2020,
       author = {{Ding}, Xuheng and {Silverman}, John and {Treu}, Tommaso and
         {Schulze}, Andreas and {Schramm}, Malte and {Birrer}, Simon and
         {Park}, Daeseong and {Jahnke}, Knud and {Bennert}, Vardha N. and
         {Kartaltepe}, Jeyhan S. and {Koekemoer}, Anton M. and
         {Malkan}, Matthew A. and {Sanders}, David},
        title = "{The Mass Relations between Supermassive Black Holes and Their Host Galaxies at 1 \&lt; z \&lt; 2 HST-WFC3}",
      journal = {\apj},
     keywords = {Galaxy evolution, Active galaxies, Astrophysics - Astrophysics of Galaxies},
         year = 2020,
        month = jan,
       volume = {888},
       number = {1},
          eid = {37},
        pages = {37},
          doi = {10.3847/1538-4357/ab5b90},
archivePrefix = {arXiv},
       eprint = {1910.11875},
 primaryClass = {astro-ph.GA},
       adsurl = {https://ui.adsabs.harvard.edu/abs/2020ApJ...888...37D},
      adsnote = {Provided by the SAO/NASA Astrophysics Data System}
}

@ARTICLE{Lauer2007,
   author = {{Lauer}, T.~R. and {Tremaine}, S. and {Richstone}, D. and {Faber}, S.~M.
	},
    title = "{Selection Bias in Observing the Cosmological Evolution of the M{$\sigma$} and M$_{?}$-L Relationships}",
  journal = {\apj},
archivePrefix = "arXiv",
   eprint = {0705.4103},
 keywords = {Galaxies: Evolution, Galaxies: Fundamental Parameters, Galaxies: Nuclei},
     year = 2007,
    month = nov,
   volume = 670,
    pages = {249-260},
      doi = {10.1086/522083},
   adsurl = {http://adsabs.harvard.edu/abs/2007ApJ...670..249L},
  adsnote = {Provided by the SAO/NASA Astrophysics Data System}
}

@ARTICLE{Schulze2014,
   author = {{Schulze}, A. and {Wisotzki}, L.},
    title = "{Accounting for selection effects in the BH-bulge relations: no evidence for cosmological evolution}",
  journal = {\mnras},
archivePrefix = "arXiv",
   eprint = {1312.5610},
 keywords = {galaxies: active, galaxies: nuclei, quasars: general},
     year = 2014,
    month = mar,
   volume = 438,
    pages = {3422-3433},
      doi = {10.1093/mnras/stt2457},
   adsurl = {http://adsabs.harvard.edu/abs/2014MNRAS.438.3422S},
  adsnote = {Provided by the SAO/NASA Astrophysics Data System}
}

@ARTICLE{Cen2015,
   author = {{Cen}, R.},
    title = "{Coevolution between Supermassive Black Holes and Bulges Is Not via Internal Feedback Regulation but by Rationed Gas Supply due to Angular Momentum Distribution}",
  journal = {\apjl},
archivePrefix = "arXiv",
   eprint = {1504.07248},
 keywords = {cosmology: theory, galaxies: bulges, galaxies: formation, hydrodynamics, quasars: supermassive black holes, stars: formation},
     year = 2015,
    month = may,
   volume = 805,
      eid = {L9},
    pages = {L9},
      doi = {10.1088/2041-8205/805/1/L9},
   adsurl = {https://ui.adsabs.harvard.edu/abs/2015ApJ...805L...9C},
  adsnote = {Provided by the SAO/NASA Astrophysics Data System}
}


@ARTICLE{Menci2016,
       author = {{Menci}, N. and {Fiore}, F. and {Bongiorno}, A. and {Lamastra}, A.},
        title = "{Relative growth of black holes and the stellar components of galaxies}",
      journal = {\aap},
     keywords = {galaxies: formation, galaxies: nuclei, galaxies: evolution, Astrophysics - Astrophysics of Galaxies},
         year = "2016",
        month = "Oct",
       volume = {594},
          eid = {A99},
        pages = {A99},
          doi = {10.1051/0004-6361/201628415},
archivePrefix = {arXiv},
       eprint = {1605.09592},
 primaryClass = {astro-ph.GA},
       adsurl = {https://ui.adsabs.harvard.edu/abs/2016A&A...594A..99M},
      adsnote = {Provided by the SAO/NASA Astrophysics Data System}
}

@ARTICLE{Peng2007,
   author = {{Peng}, C.~Y.},
    title = "{How Mergers May Affect the Mass Scaling Relation between Gravitationally Bound Systems}",
  journal = {\apj},
archivePrefix = "arXiv",
   eprint = {0704.1860},
 keywords = {Cosmology: Theory, Galaxies: Bulges, Galaxies: Evolution, Galaxies: Formation, Galaxies: Statistics},
     year = 2007,
    month = dec,
   volume = 671,
    pages = {1098-1107},
      doi = {10.1086/522774},
   adsurl = {http://adsabs.harvard.edu/abs/2007ApJ...671.1098P},
  adsnote = {Provided by the SAO/NASA Astrophysics Data System}
}

@ARTICLE{Jahnke2011,
   author = {{Jahnke}, K. and {Macci{\`o}}, A.~V.},
    title = "{The Non-causal Origin of the Black-hole-galaxy Scaling Relations}",
  journal = {\apj},
archivePrefix = "arXiv",
   eprint = {1006.0482},
 keywords = {galaxies: bulges, galaxies: evolution, galaxies: fundamental parameters, galaxies: nuclei},
     year = 2011,
    month = jun,
   volume = 734,
      eid = {92},
    pages = {92},
      doi = {10.1088/0004-637X/734/2/92},
   adsurl = {http://adsabs.harvard.edu/abs/2011ApJ...734...92J},
  adsnote = {Provided by the SAO/NASA Astrophysics Data System}
}

@ARTICLE{Hirschmann2010,
   author = {{Hirschmann}, M. and {Khochfar}, S. and {Burkert}, A. and {Naab}, T. and 
	{Genel}, S. and {Somerville}, R.~S.},
    title = "{On the evolution of the intrinsic scatter in black hole versus galaxy mass relations}",
  journal = {\mnras},
archivePrefix = "arXiv",
   eprint = {1005.2100},
 keywords = {methods: numerical, methods: statistical, galaxies: bulges, galaxies: evolution},
     year = 2010,
    month = sep,
   volume = 407,
    pages = {1016-1032},
      doi = {10.1111/j.1365-2966.2010.17006.x},
   adsurl = {http://adsabs.harvard.edu/abs/2010MNRAS.407.1016H},
  adsnote = {Provided by the SAO/NASA Astrophysics Data System}
}


@ARTICLE{DeG++15,
   author = {{DeGraf}, C. and {Di Matteo}, T. and {Treu}, T. and {Feng}, Y. and 
	{Woo}, J.-H. and {Park}, D.},
    title = "{Scaling relations between black holes and their host galaxies: comparing theoretical and observational measurements, and the impact of selection effects}",
  journal = {\mnras},
archivePrefix = "arXiv",
   eprint = {1412.4133},
 keywords = {black hole physics, methods: numerical, galaxies: active, galaxies: haloes, quasars: general},
     year = 2015,
    month = nov,
   volume = 454,
    pages = {913-932},
      doi = {10.1093/mnras/stv2002},
   adsurl = {http://adsabs.harvard.edu/abs/2015MNRAS.454..913D},
  adsnote = {Provided by the SAO/NASA Astrophysics Data System}
}	
	

@ARTICLE{Steinborn2015,
   author = {{Steinborn}, L.~K. and {Dolag}, K. and {Hirschmann}, M. and 
	{Prieto}, M.~A. and {Remus}, R.-S.},
    title = "{A refined sub-grid model for black hole accretion and AGN feedback in large cosmological simulations}",
  journal = {\mnras},
archivePrefix = "arXiv",
   eprint = {1409.3221},
 keywords = {black hole physics, methods: numerical, galaxies: active, galaxies: evolution, galaxies: nuclei, quasars: supermassive black holes},
     year = 2015,
    month = apr,
   volume = 448,
    pages = {1504-1525},
      doi = {10.1093/mnras/stv072},
   adsurl = {https://ui.adsabs.harvard.edu/abs/2015MNRAS.448.1504S},
  adsnote = {Provided by the SAO/NASA Astrophysics Data System}
}

@ARTICLE{Schaye2015,
   author = {{Schaye}, J. and {Crain}, R.~A. and {Bower}, R.~G. and {Furlong}, M. and 
	{Schaller}, M. and {Theuns}, T. and {Dalla Vecchia}, C. and 
	{Frenk}, C.~S. and {McCarthy}, I.~G. and {Helly}, J.~C. and 
	{Jenkins}, A. and {Rosas-Guevara}, Y.~M. and {White}, S.~D.~M. and 
	{Baes}, M. and {Booth}, C.~M. and {Camps}, P. and {Navarro}, J.~F. and 
	{Qu}, Y. and {Rahmati}, A. and {Sawala}, T. and {Thomas}, P.~A. and 
	{Trayford}, J.},
    title = "{The EAGLE project: simulating the evolution and assembly of galaxies and their environments}",
  journal = {\mnras},
archivePrefix = "arXiv",
   eprint = {1407.7040},
 keywords = {methods: numerical, galaxies: evolution, galaxies: formation, cosmology: theory},
     year = 2015,
    month = jan,
   volume = 446,
    pages = {521-554},
      doi = {10.1093/mnras/stu2058},
   adsurl = {https://ui.adsabs.harvard.edu/abs/2015MNRAS.446..521S},
  adsnote = {Provided by the SAO/NASA Astrophysics Data System}
}


@ARTICLE{Sijacki2015,
   author = {{Sijacki}, D. and {Vogelsberger}, M. and {Genel}, S. and {Springel}, V. and 
	{Torrey}, P. and {Snyder}, G.~F. and {Nelson}, D. and {Hernquist}, L.
	},
    title = "{The Illustris simulation: the evolving population of black holes across cosmic time}",
  journal = {\mnras},
archivePrefix = "arXiv",
   eprint = {1408.6842},
 keywords = {methods: numerical, galaxies: formation, quasars: supermassive black holes, cosmology: theory},
     year = 2015,
    month = sep,
   volume = 452,
    pages = {575-596},
      doi = {10.1093/mnras/stv1340},
   adsurl = {https://ui.adsabs.harvard.edu/abs/2015MNRAS.452..575S},
  adsnote = {Provided by the SAO/NASA Astrophysics Data System}
}

@ARTICLE{Vogelsberger2014,
   author = {{Vogelsberger}, M. and {Genel}, S. and {Springel}, V. and {Torrey}, P. and 
	{Sijacki}, D. and {Xu}, D. and {Snyder}, G. and {Nelson}, D. and 
	{Hernquist}, L.},
    title = "{Introducing the Illustris Project: simulating the coevolution of dark and visible matter in the Universe}",
  journal = {\mnras},
archivePrefix = "arXiv",
   eprint = {1405.2921},
 keywords = {methods: numerical, cosmology: theory},
     year = 2014,
    month = oct,
   volume = 444,
    pages = {1518-1547},
      doi = {10.1093/mnras/stu1536},
   adsurl = {https://ui.adsabs.harvard.edu/abs/2014MNRAS.444.1518V},
  adsnote = {Provided by the SAO/NASA Astrophysics Data System}
}



@ARTICLE{Li2019,
       author = {{Li}, Yuan and {Habouzit}, Melanie and {Genel}, Shy and
         {Somerville}, Rachel and {Terrazas}, Bryan A. and {Bell}, Eric F. and
         {Pillepich}, Annalisa and {Nelson}, Dylan and {Weinberger}, Rainer and
         {Rodriguez-Gomez}, Vicente and {Ma}, Chung-Pei and {Pakmor}, Ruediger and
         {Hernquist}, Lars and {Vogelsberger}, Mark},
        title = "{Correlations Between Black Holes and Host Galaxies in the Illustris and IllustrisTNG Simulations}",
      journal = {arXiv e-prints},
     keywords = {Astrophysics - Astrophysics of Galaxies},
         year = "2019",
        month = "Sep",
          eid = {arXiv:1910.00017},
        pages = {arXiv:1910.00017},
archivePrefix = {arXiv},
       eprint = {1910.00017},
 primaryClass = {astro-ph.GA},
       adsurl = {https://ui.adsabs.harvard.edu/abs/2019arXiv191000017L},
      adsnote = {Provided by the SAO/NASA Astrophysics Data System}
}



@ARTICLE{Thomas2019,
       author = {{Thomas}, Nicole and {Dav{\'e}}, Romeel and
         {Angl{\'e}s-Alc{\'a}zar}, Daniel and {Jarvis}, Matt},
        title = "{Black hole - Galaxy correlations in SIMBA}",
      journal = {\mnras},
     keywords = {galaxies: active, galaxies: evolution, galaxies: formation, galaxies: jets, galaxies: Seyfert, Astrophysics - Astrophysics of Galaxies},
         year = "2019",
        month = "Aug",
       volume = {487},
       number = {4},
        pages = {5764-5780},
          doi = {10.1093/mnras/stz1703},
archivePrefix = {arXiv},
       eprint = {1905.02741},
 primaryClass = {astro-ph.GA},
       adsurl = {https://ui.adsabs.harvard.edu/abs/2019MNRAS.487.5764T},
      adsnote = {Provided by the SAO/NASA Astrophysics Data System}
}

@ARTICLE{Habouzit2021,
       author = {{Habouzit}, M{\'e}lanie and {Li}, Yuan and {Somerville}, Rachel S. and {Genel}, Shy and {Pillepich}, Annalisa and {Volonteri}, Marta and {Dav{\'e}}, Romeel and {Rosas-Guevara}, Yetli and {McAlpine}, Stuart and {Peirani}, S{\'e}bastien and {Hernquist}, Lars and {Angl{\'e}s-Alc{\'a}zar}, Daniel and {Reines}, Amy and {Bower}, Richard and {Dubois}, Yohan and {Nelson}, Dylan and {Pichon}, Christophe and {Vogelsberger}, Mark},
        title = "{Supermassive black holes in cosmological simulations I: M$_{BH}$ - M$_{{\ensuremath{\star}}}$ relation and black hole mass function}",
      journal = {\mnras},
     keywords = {black hole physics, methods: numerical, galaxies: evolution, galaxies: formation, Astrophysics - Astrophysics of Galaxies},
         year = 2021,
        month = may,
       volume = {503},
       number = {2},
        pages = {1940-1975},
          doi = {10.1093/mnras/stab496},
archivePrefix = {arXiv},
       eprint = {2006.10094},
 primaryClass = {astro-ph.GA},
       adsurl = {https://ui.adsabs.harvard.edu/abs/2021MNRAS.503.1940H},
      adsnote = {Provided by the SAO/NASA Astrophysics Data System}
}

@ARTICLE{Ding2020b,
       author = {{Ding}, Xuheng and {Treu}, Tommaso and {Silverman}, John D. and {Bhowmick}, Aklant K. and {Menci}, N. and {Di Matteo}, Tiziana},
        title = "{Testing the Fidelity of Simulations of Black Hole-Galaxy Coevolution at z {\ensuremath{\sim}} 1.5 with Observations}",
      journal = {\apj},
     keywords = {594, 17, 16, Astrophysics - Astrophysics of Galaxies},
         year = 2020,
        month = jun,
       volume = {896},
       number = {2},
          eid = {159},
        pages = {159},
          doi = {10.3847/1538-4357/ab91be},
archivePrefix = {arXiv},
       eprint = {2002.07812},
 primaryClass = {astro-ph.GA},
       adsurl = {https://ui.adsabs.harvard.edu/abs/2020ApJ...896..159D},
      adsnote = {Provided by the SAO/NASA Astrophysics Data System}
}


@ARTICLE{Li2021a,
       author = {{Li}, Junyao and {Silverman}, John D. and {Ding}, Xuheng and {Strauss}, Michael A. and {Goulding}, Andy and {Birrer}, Simon and {Yesuf}, Hassen M. and {Xue}, Yongquan and {Kawinwanichakij}, Lalitwadee and {Matsuoka}, Yoshiki and {Toba}, Yoshiki and {Nagao}, Tohru and {Schramm}, Malte and {Inayoshi}, Kohei},
        title = "{The Sizes of Quasar Host Galaxies in the Hyper Suprime-Cam Subaru Strategic Program}",
      journal = {\apj},
     keywords = {Active galactic nuclei, AGN host galaxies, Supermassive black holes, Quasars, Galaxy structure, 16, 2017, 1663, 1319, 622, Astrophysics - Astrophysics of Galaxies},
         year = 2021a,
        month = sep,
       volume = {918},
       number = {1},
          eid = {22},
        pages = {22},
          doi = {10.3847/1538-4357/ac06a8},
archivePrefix = {arXiv},
       eprint = {2105.06568},
 primaryClass = {astro-ph.GA},
       adsurl = {https://ui.adsabs.harvard.edu/abs/2021ApJ...918...22L},
      adsnote = {Provided by the SAO/NASA Astrophysics Data System}
}

@ARTICLE{Li2021b,
       author = {{Li}, Junyao and {Silverman}, John D. and {Ding}, Xuheng and {Strauss}, Michael A. and {Goulding}, Andy and {Schramm}, Malte and {Yesuf}, Hassen M. and {Sun}, Mouyuan and {Xue}, Yongquan and {Birrer}, Simon and {Shi}, Jingjing and {Toba}, Yoshiki and {Nagao}, Tohru and {Imanishi}, Masatoshi},
        title = "{Synchronized Coevolution between Supermassive Black Holes and Galaxies over the Last Seven Billion Years as Revealed by Hyper Suprime-Cam}",
      journal = {\apj},
     keywords = {2017, 16, 1663, 1319, Astrophysics - Astrophysics of Galaxies},
         year = 2021b,
        month = dec,
       volume = {922},
       number = {2},
          eid = {142},
        pages = {142},
          doi = {10.3847/1538-4357/ac2301},
archivePrefix = {arXiv},
       eprint = {2109.02751},
 primaryClass = {astro-ph.GA},
       adsurl = {https://ui.adsabs.harvard.edu/abs/2021ApJ...922..142L},
      adsnote = {Provided by the SAO/NASA Astrophysics Data System}
}

@ARTICLE{Civano2016,
    author = {{Civano}, F. and {Marchesi}, S. and {Comastri}, A. and {Urry}, M.~C. and 
 	{Elvis}, M. and {Cappelluti}, N. and {Puccetti}, S. and {Brusa}, M. and 
 	{Zamorani}, G. and {Hasinger}, G. and {Aldcroft}, T. and {Alexander}, D.~M. and 
 	{Allevato}, V. and {Brunner}, H. and {Capak}, P. and {Finoguenov}, A. and 
 	{Fiore}, F. and {Fruscione}, A. and {Gilli}, R. and {Glotfelty}, K. and 
 	{Griffiths}, R.~E. and {Hao}, H. and {Harrison}, F.~A. and {Jahnke}, K. and 
 	{Kartaltepe}, J. and {Karim}, A. and {LaMassa}, S.~M. and {Lanzuisi}, G. and 
 	{Miyaji}, T. and {Ranalli}, P. and {Salvato}, M. and {Sargent}, M. and 
 	{Scoville}, N.~J. and {Schawinski}, K. and {Schinnerer}, E. and 
 	{Silverman}, J. and {Smolcic}, V. and {Stern}, D. and {Toft}, S. and 
 	{Trakhtenbrot}, B. and {Treister}, E. and {Vignali}, C.},
     title = "{The Chandra Cosmos Legacy Survey: Overview and Point Source Catalog}",
   journal = {\apj},
 archivePrefix = "arXiv",
    eprint = {1601.00941},
  keywords = {catalogs, cosmology: observations, galaxies: evolution, quasars: general, surveys, X-rays: general},
      year = 2016,
     month = mar,
    volume = 819,
       eid = {62},
     pages = {62},
       doi = {10.3847/0004-637X/819/1/62},
    adsurl = {http://adsabs.harvard.edu/abs/2016ApJ...819...62C},
   adsnote = {Provided by the SAO/NASA Astrophysics Data System}
 }
 


@ARTICLE{Lehmer2005,
    author = {{Lehmer}, B.~D. and {Brandt}, W.~N. and {Alexander}, D.~M. and 
 	{Bauer}, F.~E. and {Schneider}, D.~P. and {Tozzi}, P. and {Bergeron}, J. and 
 	{Garmire}, G.~P. and {Giacconi}, R. and {Gilli}, R. and {Hasinger}, G. and 
 	{Hornschemeier}, A.~E. and {Koekemoer}, A.~M. and {Mainieri}, V. and 
 	{Miyaji}, T. and {Nonino}, M. and {Rosati}, P. and {Silverman}, J.~D. and 
 	{Szokoly}, G. and {Vignali}, C.},
     title = "{The Extended Chandra Deep Field-South Survey: Chandra Point-Source Catalogs}",
   journal = {\apjs},
    eprint = {astro-ph/0506607},
  keywords = {Cosmology: Observations, Cosmology: Diffuse Radiation, Galaxies: Active, Surveys, X-Rays},
      year = 2005,
     month = nov,
    volume = 161,
     pages = {21-40},
       doi = {10.1086/444590},
    adsurl = {http://adsabs.harvard.edu/abs/2005ApJS..161...21L},
   adsnote = {Provided by the SAO/NASA Astrophysics Data System}
 }

@ARTICLE{Xue2011,
    author = {{Xue}, Y.~Q. and {Luo}, B. and {Brandt}, W.~N. and {Bauer}, F.~E. and 
 	{Lehmer}, B.~D. and {Broos}, P.~S. and {Schneider}, D.~P. and 
 	{Alexander}, D.~M. and {Brusa}, M. and {Comastri}, A. and {Fabian}, A.~C. and 
 	{Gilli}, R. and {Hasinger}, G. and {Hornschemeier}, A.~E. and 
 	{Koekemoer}, A. and {Liu}, T. and {Mainieri}, V. and {Paolillo}, M. and 
 	{Rafferty}, D.~A. and {Rosati}, P. and {Shemmer}, O. and {Silverman}, J.~D. and 
 	{Smail}, I. and {Tozzi}, P. and {Vignali}, C.},
     title = "{The Chandra Deep Field-South Survey: 4 Ms Source Catalogs}",
   journal = {\apjs},
 archivePrefix = "arXiv",
    eprint = {1105.5643},
  keywords = {cosmology: observations, diffuse radiation, galaxies: active, surveys, X-rays: galaxies},
      year = 2011,
     month = jul,
    volume = 195,
       eid = {10},
     pages = {10},
       doi = {10.1088/0067-0049/195/1/10},
    adsurl = {http://adsabs.harvard.edu/abs/2011ApJS..195...10X},
   adsnote = {Provided by the SAO/NASA Astrophysics Data System}
 }

@ARTICLE{Ueda2008,
    author = {{Ueda}, Y. and {Watson}, M.~G. and {Stewart}, I.~M. and {Akiyama}, M. and 
 	{Schwope}, A.~D. and {Lamer}, G. and {Ebrero}, J. and {Carrera}, F.~J. and 
 	{Sekiguchi}, K. and {Yamada}, T. and {Simpson}, C. and {Hasinger}, G. and 
 	{Mateos}, S.},
     title = "{The Subaru/XMM-Newton Deep Survey (SXDS). III. X-Ray Data}",
   journal = {\apjs},
 archivePrefix = "arXiv",
    eprint = {0806.2846},
  keywords = {catalogs, diffuse radiation, galaxies: active, X-rays: galaxies, X-rays: general},
      year = 2008,
     month = nov,
    volume = 179,
     pages = {124-141},
       doi = {10.1086/591083},
    adsurl = {http://adsabs.harvard.edu/abs/2008ApJS..179..124U},
   adsnote = {Provided by the SAO/NASA Astrophysics Data System}
 }
 
 @ARTICLE{Paris2018,
       author = {{P{\^a}ris}, Isabelle and {Petitjean}, Patrick and {Aubourg}, {\'E}ric and {Myers}, Adam D. and {Streblyanska}, Alina and {Lyke}, Brad W. and {Anderson}, Scott F. and {Armengaud}, {\'E}ric and {Bautista}, Julian and {Blanton}, Michael R. and {Blomqvist}, Michael and {Brinkmann}, Jonathan and {Brownstein}, Joel R. and {Brandt}, William Nielsen and {Burtin}, {\'E}tienne and {Dawson}, Kyle and {de la Torre}, Sylvain and {Georgakakis}, Antonis and {Gil-Mar{\'\i}n}, H{\'e}ctor and {Green}, Paul J. and {Hall}, Patrick B. and {Kneib}, Jean-Paul and {LaMassa}, Stephanie M. and {Le Goff}, Jean-Marc and {MacLeod}, Chelsea and {Mariappan}, Vivek and {McGreer}, Ian D. and {Merloni}, Andrea and {Noterdaeme}, Pasquier and {Palanque-Delabrouille}, Nathalie and {Percival}, Will J. and {Ross}, Ashley J. and {Rossi}, Graziano and {Schneider}, Donald P. and {Seo}, Hee-Jong and {Tojeiro}, Rita and {Weaver}, Benjamin A. and {Weijmans}, Anne-Marie and {Y{\`e}che}, Christophe and {Zarrouk}, Pauline and {Zhao}, Gong-Bo},
        title = "{The Sloan Digital Sky Survey Quasar Catalog: Fourteenth data release}",
      journal = {\aap},
     keywords = {catalogs, surveys, quasars: general, Astrophysics - Astrophysics of Galaxies, Astrophysics - Cosmology and Nongalactic Astrophysics},
         year = 2018,
        month = may,
       volume = {613},
          eid = {A51},
        pages = {A51},
          doi = {10.1051/0004-6361/201732445},
archivePrefix = {arXiv},
       eprint = {1712.05029},
 primaryClass = {astro-ph.GA},
       adsurl = {https://ui.adsabs.harvard.edu/abs/2018A&A...613A..51P},
      adsnote = {Provided by the SAO/NASA Astrophysics Data System}
}

@ARTICLE{Aihara2019,
       author = {{Aihara}, Hiroaki and {AlSayyad}, Yusra and {Ando}, Makoto and {Armstrong}, Robert and {Bosch}, James and {Egami}, Eiichi and {Furusawa}, Hisanori and {Furusawa}, Junko and {Goulding}, Andy and {Harikane}, Yuichi and {Hikage}, Chiaki and {Ho}, Paul T.~P. and {Hsieh}, Bau-Ching and {Huang}, Song and {Ikeda}, Hiroyuki and {Imanishi}, Masatoshi and {Ito}, Kei and {Iwata}, Ikuru and {Jaelani}, Anton T. and {Kakuma}, Ryota and {Kawana}, Kojiro and {Kikuta}, Satoshi and {Kobayashi}, Umi and {Koike}, Michitaro and {Komiyama}, Yutaka and {Li}, Xiangchong and {Liang}, Yongming and {Lin}, Yen-Ting and {Luo}, Wentao and {Lupton}, Robert and {Lust}, Nate B. and {MacArthur}, Lauren A. and {Matsuoka}, Yoshiki and {Mineo}, Sogo and {Miyatake}, Hironao and {Miyazaki}, Satoshi and {More}, Surhud and {Murata}, Ryoma and {Namiki}, Shigeru V. and {Nishizawa}, Atsushi J. and {Oguri}, Masamune and {Okabe}, Nobuhiro and {Okamoto}, Sakurako and {Okura}, Yuki and {Ono}, Yoshiaki and {Onodera}, Masato and {Onoue}, Masafusa and {Osato}, Ken and {Ouchi}, Masami and {Shibuya}, Takatoshi and {Strauss}, Michael A. and {Sugiyama}, Naoshi and {Suto}, Yasushi and {Takada}, Masahiro and {Takagi}, Yuhei and {Takata}, Tadafumi and {Takita}, Satoshi and {Tanaka}, Masayuki and {Terai}, Tsuyoshi and {Toba}, Yoshiki and {Uchiyama}, Hisakazu and {Utsumi}, Yousuke and {Wang}, Shiang-Yu and {Wang}, Wenting and {Yamada}, Yoshihiko},
        title = "{Second data release of the Hyper Suprime-Cam Subaru Strategic Program}",
      journal = {\pasj},
     keywords = {astronomical databases: miscellaneous, cosmology: observations, galaxies: general, surveys, Astrophysics - Instrumentation and Methods for Astrophysics, Astrophysics - Cosmology and Nongalactic Astrophysics, Astrophysics - Astrophysics of Galaxies, Astrophysics - Solar and Stellar Astrophysics},
         year = 2019,
        month = dec,
       volume = {71},
       number = {6},
          eid = {114},
        pages = {114},
          doi = {10.1093/pasj/psz103},
archivePrefix = {arXiv},
       eprint = {1905.12221},
 primaryClass = {astro-ph.IM},
       adsurl = {https://ui.adsabs.harvard.edu/abs/2019PASJ...71..114A},
      adsnote = {Provided by the SAO/NASA Astrophysics Data System}
}


@ARTICLE{Miyazaki2018,
       author = {{Miyazaki}, Satoshi and {Komiyama}, Yutaka and {Kawanomoto}, Satoshi and {Doi}, Yoshiyuki and {Furusawa}, Hisanori and {Hamana}, Takashi and {Hayashi}, Yusuke and {Ikeda}, Hiroyuki and {Kamata}, Yukiko and {Karoji}, Hiroshi and {Koike}, Michitaro and {Kurakami}, Tomio and {Miyama}, Shoken and {Morokuma}, Tomoki and {Nakata}, Fumiaki and {Namikawa}, Kazuhito and {Nakaya}, Hidehiko and {Nariai}, Kyoji and {Obuchi}, Yoshiyuki and {Oishi}, Yukie and {Okada}, Norio and {Okura}, Yuki and {Tait}, Philip and {Takata}, Tadafumi and {Tanaka}, Yoko and {Tanaka}, Masayuki and {Terai}, Tsuyoshi and {Tomono}, Daigo and {Uraguchi}, Fumihiro and {Usuda}, Tomonori and {Utsumi}, Yousuke and {Yamada}, Yoshihiko and {Yamanoi}, Hitomi and {Aihara}, Hiroaki and {Fujimori}, Hiroki and {Mineo}, Sogo and {Miyatake}, Hironao and {Oguri}, Masamune and {Uchida}, Tomohisa and {Tanaka}, Manobu M. and {Yasuda}, Naoki and {Takada}, Masahiro and {Murayama}, Hitoshi and {Nishizawa}, Atsushi J. and {Sugiyama}, Naoshi and {Chiba}, Masashi and {Futamase}, Toshifumi and {Wang}, Shiang-Yu and {Chen}, Hsin-Yo and {Ho}, Paul T.~P. and {Liaw}, Eric J.~Y. and {Chiu}, Chi-Fang and {Ho}, Cheng-Lin and {Lai}, Tsang-Chih and {Lee}, Yao-Cheng and {Jeng}, Dun-Zen and {Iwamura}, Satoru and {Armstrong}, Robert and {Bickerton}, Steve and {Bosch}, James and {Gunn}, James E. and {Lupton}, Robert H. and {Loomis}, Craig and {Price}, Paul and {Smith}, Steward and {Strauss}, Michael A. and {Turner}, Edwin L. and {Suzuki}, Hisanori and {Miyazaki}, Yasuhito and {Muramatsu}, Masaharu and {Yamamoto}, Koei and {Endo}, Makoto and {Ezaki}, Yutaka and {Ito}, Noboru and {Kawaguchi}, Noboru and {Sofuku}, Satoshi and {Taniike}, Tomoaki and {Akutsu}, Kotaro and {Dojo}, Naoto and {Kasumi}, Kazuyuki and {Matsuda}, Toru and {Imoto}, Kohei and {Miwa}, Yoshinori and {Suzuki}, Masayuki and {Takeshi}, Kunio and {Yokota}, Hideo},
        title = "{Hyper Suprime-Cam: System design and verification of image quality}",
      journal = {\pasj},
     keywords = {instrumentation: detectors, techniques: image processing, telescopes},
         year = 2018,
        month = jan,
       volume = {70},
          eid = {S1},
        pages = {S1},
          doi = {10.1093/pasj/psx063},
       adsurl = {https://ui.adsabs.harvard.edu/abs/2018PASJ...70S...1M},
      adsnote = {Provided by the SAO/NASA Astrophysics Data System}
}


@ARTICLE{Birrer2015,
       author = {{Birrer}, Simon and {Amara}, Adam and {Refregier}, Alexandre},
        title = "{Gravitational Lens Modeling with Basis Sets}",
      journal = {\apj},
     keywords = {cosmological parameters, distance scale, gravitational lensing: strong, methods: numerical, Astrophysics - Cosmology and Nongalactic Astrophysics},
         year = 2015,
        month = nov,
       volume = {813},
       number = {2},
          eid = {102},
        pages = {102},
          doi = {10.1088/0004-637X/813/2/102},
archivePrefix = {arXiv},
       eprint = {1504.07629},
 primaryClass = {astro-ph.CO},
       adsurl = {https://ui.adsabs.harvard.edu/abs/2015ApJ...813..102B},
      adsnote = {Provided by the SAO/NASA Astrophysics Data System}
}

@ARTICLE{Birrer2018,
       author = {{Birrer}, Simon and {Amara}, Adam},
        title = "{lenstronomy: Multi-purpose gravitational lens modelling software package}",
      journal = {Physics of the Dark Universe},
     keywords = {Gravitational lensing, Software, Image simulations, Astrophysics - Cosmology and Nongalactic Astrophysics},
         year = 2018,
        month = dec,
       volume = {22},
        pages = {189-201},
          doi = {10.1016/j.dark.2018.11.002},
archivePrefix = {arXiv},
       eprint = {1803.09746},
 primaryClass = {astro-ph.CO},
       adsurl = {https://ui.adsabs.harvard.edu/abs/2018PDU....22..189B},
      adsnote = {Provided by the SAO/NASA Astrophysics Data System}
}

@ARTICLE{Birrer2021,
       author = {{Birrer}, Simon and {Shajib}, Anowar and {Gilman}, Daniel and {Galan}, Aymeric and {Aalbers}, Jelle and {Millon}, Martin and {Morgan}, Robert and {Pagano}, Giulia and {Park}, Ji and {Teodori}, Luca and {Tessore}, Nicolas and {Ueland}, Madison and {Van de Vyvere}, Lyne and {Wagner-Carena}, Sebastian and {Wempe}, Ewoud and {Yang}, Lilan and {Ding}, Xuheng and {Schmidt}, Thomas and {Sluse}, Dominique and {Zhang}, Ming and {Amara}, Adam},
        title = "{lenstronomy II: A gravitational lensing software ecosystem}",
      journal = {The Journal of Open Source Software},
     keywords = {image simulations, Python, gravitational lensing, dynamics, astronomy, Ruby, Astrophysics - Cosmology and Nongalactic Astrophysics, Astrophysics - Astrophysics of Galaxies, Astrophysics - Instrumentation and Methods for Astrophysics},
         year = 2021,
        month = jun,
       volume = {6},
       number = {62},
          eid = {3283},
        pages = {3283},
          doi = {10.21105/joss.03283},
archivePrefix = {arXiv},
       eprint = {2106.05976},
 primaryClass = {astro-ph.CO},
       adsurl = {https://ui.adsabs.harvard.edu/abs/2021JOSS....6.3283B},
      adsnote = {Provided by the SAO/NASA Astrophysics Data System}
}


@ARTICLE{Boquien2019,
       author = {{Boquien}, M. and {Burgarella}, D. and {Roehlly}, Y. and {Buat}, V. and {Ciesla}, L. and {Corre}, D. and {Inoue}, A.~K. and {Salas}, H.},
        title = "{CIGALE: a python Code Investigating GALaxy Emission}",
      journal = {\aap},
     keywords = {methods: data analysis, methods: numerical, methods: statistical, galaxies: general, Astrophysics - Astrophysics of Galaxies, Astrophysics - Instrumentation and Methods for Astrophysics},
         year = 2019,
        month = feb,
       volume = {622},
          eid = {A103},
        pages = {A103},
          doi = {10.1051/0004-6361/201834156},
archivePrefix = {arXiv},
       eprint = {1811.03094},
 primaryClass = {astro-ph.GA},
       adsurl = {https://ui.adsabs.harvard.edu/abs/2019A&A...622A.103B},
      adsnote = {Provided by the SAO/NASA Astrophysics Data System}
}


@ARTICLE{Rakshit2020,
       author = {{Rakshit}, Suvendu and {Stalin}, C.~S. and {Kotilainen}, Jari},
        title = "{Spectral Properties of Quasars from Sloan Digital Sky Survey Data Release 14: The Catalog}",
      journal = {\apjs},
     keywords = {Quasars, Supermassive black holes, Spectroscopy, 1319, 1663, 1558, Astrophysics - Astrophysics of Galaxies},
         year = 2020,
        month = jul,
       volume = {249},
       number = {1},
          eid = {17},
        pages = {17},
          doi = {10.3847/1538-4365/ab99c5},
archivePrefix = {arXiv},
       eprint = {1910.10395},
 primaryClass = {astro-ph.GA},
       adsurl = {https://ui.adsabs.harvard.edu/abs/2020ApJS..249...17R},
      adsnote = {Provided by the SAO/NASA Astrophysics Data System}
}

@ARTICLE{Peterson2004,
       author = {{Peterson}, B.~M. and {Ferrarese}, L. and {Gilbert}, K.~M. and {Kaspi}, S. and {Malkan}, M.~A. and {Maoz}, D. and {Merritt}, D. and {Netzer}, H. and {Onken}, C.~A. and {Pogge}, R.~W. and {Vestergaard}, M. and {Wandel}, A.},
        title = "{Central Masses and Broad-Line Region Sizes of Active Galactic Nuclei. II. A Homogeneous Analysis of a Large Reverberation-Mapping Database}",
      journal = {\apj},
     keywords = {Galaxies: Active, Galaxies: Nuclei, Galaxies: Seyfert, Galaxies: Quasars: Emission Lines, Astrophysics},
         year = 2004,
        month = oct,
       volume = {613},
       number = {2},
        pages = {682-699},
          doi = {10.1086/423269},
archivePrefix = {arXiv},
       eprint = {astro-ph/0407299},
 primaryClass = {astro-ph},
       adsurl = {https://ui.adsabs.harvard.edu/abs/2004ApJ...613..682P},
      adsnote = {Provided by the SAO/NASA Astrophysics Data System}
}


@ARTICLE{Vestergaard2006,
       author = {{Vestergaard}, Marianne and {Peterson}, Bradley M.},
        title = "{Determining Central Black Hole Masses in Distant Active Galaxies and Quasars. II. Improved Optical and UV Scaling Relationships}",
      journal = {\apj},
     keywords = {Galaxies: Active, Galaxies: Fundamental Parameters, Galaxies: High-Redshift, Galaxies: Seyfert, Galaxies: Quasars: Emission Lines, Ultraviolet: Galaxies, Astrophysics},
         year = 2006,
        month = apr,
       volume = {641},
       number = {2},
        pages = {689-709},
          doi = {10.1086/500572},
archivePrefix = {arXiv},
       eprint = {astro-ph/0601303},
 primaryClass = {astro-ph},
       adsurl = {https://ui.adsabs.harvard.edu/abs/2006ApJ...641..689V},
      adsnote = {Provided by the SAO/NASA Astrophysics Data System}
}

@ARTICLE{Richards2002,
       author = {{Richards}, Gordon T. and {Fan}, Xiaohui and {Newberg}, Heidi Jo and {Strauss}, Michael A. and {Vanden Berk}, Daniel E. and {Schneider}, Donald P. and {Yanny}, Brian and {Boucher}, Adam and {Burles}, Scott and {Frieman}, Joshua A. and {Gunn}, James E. and {Hall}, Patrick B. and {Ivezi{\'c}}, {\v{Z}}eljko and {Kent}, Stephen and {Loveday}, Jon and {Lupton}, Robert H. and {Rockosi}, Constance M. and {Schlegel}, David J. and {Stoughton}, Chris and {SubbaRao}, Mark and {York}, Donald G.},
        title = "{Spectroscopic Target Selection in the Sloan Digital Sky Survey: The Quasar Sample}",
      journal = {\aj},
     keywords = {Galaxies: Quasars: General, Surveys, Astrophysics},
         year = 2002,
        month = jun,
       volume = {123},
       number = {6},
        pages = {2945-2975},
          doi = {10.1086/340187},
archivePrefix = {arXiv},
       eprint = {astro-ph/0202251},
 primaryClass = {astro-ph},
       adsurl = {https://ui.adsabs.harvard.edu/abs/2002AJ....123.2945R},
      adsnote = {Provided by the SAO/NASA Astrophysics Data System}
}

@ARTICLE{Ross2013,
       author = {{Ross}, Nicholas P. and {McGreer}, Ian D. and {White}, Martin and {Richards}, Gordon T. and {Myers}, Adam D. and {Palanque-Delabrouille}, Nathalie and {Strauss}, Michael A. and {Anderson}, Scott F. and {Shen}, Yue and {Brandt}, W.~N. and {Y{\`e}che}, Christophe and {Swanson}, Molly E.~C. and {Aubourg}, {\'E}ric and {Bailey}, Stephen and {Bizyaev}, Dmitry and {Bovy}, Jo and {Brewington}, Howard and {Brinkmann}, J. and {DeGraf}, Colin and {Di Matteo}, Tiziana and {Ebelke}, Garrett and {Fan}, Xiaohui and {Ge}, Jian and {Malanushenko}, Elena and {Malanushenko}, Viktor and {Mandelbaum}, Rachel and {Maraston}, Claudia and {Muna}, Demitri and {Oravetz}, Daniel and {Pan}, Kaike and {P{\^a}ris}, Isabelle and {Petitjean}, Patrick and {Schawinski}, Kevin and {Schlegel}, David J. and {Schneider}, Donald P. and {Silverman}, John D. and {Simmons}, Audrey and {Snedden}, Stephanie and {Streblyanska}, Alina and {Suzuki}, Nao and {Weinberg}, David H. and {York}, Donald},
        title = "{The SDSS-III Baryon Oscillation Spectroscopic Survey: The Quasar Luminosity Function from Data Release Nine}",
      journal = {\apj},
     keywords = {cosmology: observations, galaxies: active, galaxies: luminosity function, mass function, quasars: general, surveys, Astrophysics - Cosmology and Nongalactic Astrophysics},
         year = 2013,
        month = aug,
       volume = {773},
       number = {1},
          eid = {14},
        pages = {14},
          doi = {10.1088/0004-637X/773/1/14},
archivePrefix = {arXiv},
       eprint = {1210.6389},
 primaryClass = {astro-ph.CO},
       adsurl = {https://ui.adsabs.harvard.edu/abs/2013ApJ...773...14R},
      adsnote = {Provided by the SAO/NASA Astrophysics Data System}
}

@ARTICLE{Myers2015,
       author = {{Myers}, Adam D. and {Palanque-Delabrouille}, Nathalie and {Prakash}, Abhishek and {P{\^a}ris}, Isabelle and {Yeche}, Christophe and {Dawson}, Kyle S. and {Bovy}, Jo and {Lang}, Dustin and {Schlegel}, David J. and {Newman}, Jeffrey A. and {Petitjean}, Patrick and {Kneib}, Jean-Paul and {Laurent}, Pierre and {Percival}, Will J. and {Ross}, Ashley J. and {Seo}, Hee-Jong and {Tinker}, Jeremy L. and {Armengaud}, Eric and {Brownstein}, Joel and {Burtin}, Etienne and {Cai}, Zheng and {Comparat}, Johan and {Kasliwal}, Mansi and {Kulkarni}, Shrinivas R. and {Laher}, Russ and {Levitan}, David and {McBride}, Cameron K. and {McGreer}, Ian D. and {Miller}, Adam A. and {Nugent}, Peter and {Ofek}, Eran and {Rossi}, Graziano and {Ruan}, John and {Schneider}, Donald P. and {Sesar}, Branimir and {Streblyanska}, Alina and {Surace}, Jason},
        title = "{The SDSS-IV Extended Baryon Oscillation Spectroscopic Survey: Quasar Target Selection}",
      journal = {\apjs},
     keywords = {catalogs, cosmology: observations, galaxies: distances and redshifts, galaxies: photometry, methods: data analysis, quasars: general, Astrophysics - Cosmology and Nongalactic Astrophysics, Astrophysics - Astrophysics of Galaxies},
         year = 2015,
        month = dec,
       volume = {221},
       number = {2},
          eid = {27},
        pages = {27},
          doi = {10.1088/0067-0049/221/2/27},
archivePrefix = {arXiv},
       eprint = {1508.04472},
 primaryClass = {astro-ph.CO},
       adsurl = {https://ui.adsabs.harvard.edu/abs/2015ApJS..221...27M},
      adsnote = {Provided by the SAO/NASA Astrophysics Data System}
}



@ARTICLE{Springel2005,
   author = {{Springel}, V. and {White}, S.~D.~M. and {Jenkins}, A. and {Frenk}, C.~S. and 
	{Yoshida}, N. and {Gao}, L. and {Navarro}, J. and {Thacker}, R. and 
	{Croton}, D. and {Helly}, J. and {Peacock}, J.~A. and {Cole}, S. and 
	{Thomas}, P. and {Couchman}, H. and {Evrard}, A. and {Colberg}, J. and 
	{Pearce}, F.},
    title = "{Simulations of the formation, evolution and clustering of galaxies and quasars}",
  journal = {\nat},
   eprint = {astro-ph/0504097},
     year = 2005,
    month = jun,
   volume = 435,
    pages = {629-636},
      doi = {10.1038/nature03597},
   adsurl = {http://adsabs.harvard.edu/abs/2005Natur.435..629S},
  adsnote = {Provided by the SAO/NASA Astrophysics Data System}
}

@ARTICLE{2011ApJS..192...18K,
   author = {{Komatsu}, E. and {Smith}, K.~M. and {Dunkley}, J. and {Bennett}, C.~L. and 
	{Gold}, B. and {Hinshaw}, G. and {Jarosik}, N. and {Larson}, D. and 
	{Nolta}, M.~R. and {Page}, L. and {Spergel}, D.~N. and {Halpern}, M. and 
	{Hill}, R.~S. and {Kogut}, A. and {Limon}, M. and {Meyer}, S.~S. and 
	{Odegard}, N. and {Tucker}, G.~S. and {Weiland}, J.~L. and {Wollack}, E. and 
	{Wright}, E.~L.},
    title = "{Seven-year Wilkinson Microwave Anisotropy Probe (WMAP) Observations: Cosmological Interpretation}",
  journal = {\apjs},
archivePrefix = "arXiv",
   eprint = {1001.4538},
 primaryClass = "astro-ph.CO",
 keywords = {cosmic background radiation, cosmology: observations, dark matter, early universe, space vehicles},
     year = 2011,
    month = feb,
   volume = 192,
      eid = {18},
    pages = {18},
      doi = {10.1088/0067-0049/192/2/18},
   adsurl = {http://adsabs.harvard.edu/abs/2011ApJS..192...18K},
  adsnote = {Provided by the SAO/NASA Astrophysics Data System}
}

@ARTICLE{2003MNRAS.339..289S,
   author = {{Springel}, V. and {Hernquist}, L.},
    title = "{Cosmological smoothed particle hydrodynamics simulations: a hybrid multiphase model for star formation}",
  journal = {\mnras},
   eprint = {astro-ph/0206393},
 keywords = {methods: numerical, galaxies: evolution, galaxies: formation},
     year = 2003,
    month = feb,
   volume = 339,
    pages = {289-311},
      doi = {10.1046/j.1365-8711.2003.06206.x},
   adsurl = {http://adsabs.harvard.edu/abs/2003MNRAS.339..289S},
  adsnote = {Provided by the SAO/NASA Astrophysics Data System}
}

@ARTICLE{1985ApJ...292..371D,
   author = {{Davis}, M. and {Efstathiou}, G. and {Frenk}, C.~S. and {White}, S.~D.~M.
	},
    title = "{The evolution of large-scale structure in a universe dominated by cold dark matter}",
  journal = {\apj},
 keywords = {Computational Astrophysics, Cosmology, Galactic Clusters, Galactic Evolution, Missing Mass (Astrophysics), Weak Interactions (Field Theory), Astronomical Models, Computerized Simulation, Correlation, Many Body Problem, Mass Distribution, Mass To Light Ratios, Matter (Physics), Radial Velocity, Red Shift},
     year = 1985,
    month = may,
   volume = 292,
    pages = {371-394},
      doi = {10.1086/163168},
   adsurl = {http://adsabs.harvard.edu/abs/1985ApJ...292..371D},
  adsnote = {Provided by the SAO/NASA Astrophysics Data System}
}

@ARTICLE{2005MNRAS.364.1105S,
   author = {{Springel}, V.},
    title = "{The cosmological simulation code GADGET-2}",
  journal = {\mnras},
   eprint = {astro-ph/0505010},
 keywords = {methods: numerical, galaxies: interactions, dark matter},
     year = 2005,
    month = dec,
   volume = 364,
    pages = {1105-1134},
      doi = {10.1111/j.1365-2966.2005.09655.x},
   adsurl = {https://ui.adsabs.harvard.edu/abs/2005MNRAS.364.1105S},
  adsnote = {Provided by the SAO/NASA Astrophysics Data System}
}

@ARTICLE{2005Natur.433..604D,
   author = {{Di Matteo}, T. and {Springel}, V. and {Hernquist}, L.},
    title = "{Energy input from quasars regulates the growth and activity of black holes and their host galaxies}",
  journal = {\nat},
   eprint = {astro-ph/0502199},
     year = 2005,
    month = feb,
   volume = 433,
    pages = {604-607},
      doi = {10.1038/nature03335},
   adsurl = {http://adsabs.harvard.edu/abs/2005Natur.433..604D},
  adsnote = {Provided by the SAO/NASA Astrophysics Data System}
}

@ARTICLE{2005MNRAS.361..776S,
   author = {{Springel}, V. and {Di Matteo}, T. and {Hernquist}, L.},
    title = "{Modelling feedback from stars and black holes in galaxy mergers}",
  journal = {\mnras},
   eprint = {astro-ph/0411108},
 keywords = {methods: numerical, galaxies: active, galaxies: interactions, galaxies: starburst, galaxies: structure},
     year = 2005,
    month = aug,
   volume = 361,
    pages = {776-794},
      doi = {10.1111/j.1365-2966.2005.09238.x},
   adsurl = {http://adsabs.harvard.edu/abs/2005MNRAS.361..776S},
  adsnote = {Provided by the SAO/NASA Astrophysics Data System}
}

@ARTICLE{Pelupessy2007,
       author = {{Pelupessy}, Federico I. and {Di Matteo}, Tiziana and
         {Ciardi}, Benedetta},
        title = "{How Rapidly Do Supermassive Black Hole ``Seeds'' Grow at Early Times?}",
      journal = {\apj},
     keywords = {Cosmology: Theory, Galaxies: Active, Galaxies: Evolution, Galaxies: Formation, Hydrodynamics, Galaxies: Quasars: General, Astrophysics},
         year = 2007,
        month = aug,
       volume = {665},
       number = {1},
        pages = {107-119},
          doi = {10.1086/519235},
archivePrefix = {arXiv},
       eprint = {astro-ph/0703773},
 primaryClass = {astro-ph},
       adsurl = {https://ui.adsabs.harvard.edu/abs/2007ApJ...665..107P},
      adsnote = {Provided by the SAO/NASA Astrophysics Data System}
}


@ARTICLE{1999astro.ph.12179F,
       author = {{Fioc}, Michel and {Rocca-Volmerange}, Brigitte},
        title = "{PEGASE.2, a metallicity-consistent spectral evolution model of galaxies: the documentation and the code}",
      journal = {arXiv e-prints},
     keywords = {Astrophysics},
         year = "1999",
        month = "Dec",
          eid = {astro-ph/9912179},
        pages = {astro-ph/9912179},
archivePrefix = {arXiv},
       eprint = {astro-ph/9912179},
 primaryClass = {astro-ph},
       adsurl = {https://ui.adsabs.harvard.edu/abs/1999astro.ph.12179F},
      adsnote = {Provided by the SAO/NASA Astrophysics Data System}
}

@ARTICLE{Pillepich2018,
       author = {{Pillepich}, Annalisa and {Nelson}, Dylan and {Hernquist}, Lars and
         {Springel}, Volker and {Pakmor}, R{\"u}diger and {Torrey}, Paul and
         {Weinberger}, Rainer and {Genel}, Shy and {Naiman}, Jill P. and
         {Marinacci}, Federico and {Vogelsberger}, Mark},
        title = "{First results from the IllustrisTNG simulations: the stellar mass content of groups and clusters of galaxies}",
      journal = {\mnras},
     keywords = {methods: numerical, galaxies: clusters: general, galaxies: general, galaxies: groups: general, cosmology: theory, Astrophysics - Astrophysics of Galaxies, Astrophysics - Cosmology and Nongalactic Astrophysics},
         year = "2018",
        month = "Mar",
       volume = {475},
       number = {1},
        pages = {648-675},
          doi = {10.1093/mnras/stx3112},
archivePrefix = {arXiv},
       eprint = {1707.03406},
 primaryClass = {astro-ph.GA},
       adsurl = {https://ui.adsabs.harvard.edu/abs/2018MNRAS.475..648P},
      adsnote = {Provided by the SAO/NASA Astrophysics Data System}
}

@ARTICLE{Khandai2015,
   author = {{Khandai}, N. and {Di Matteo}, T. and {Croft}, R. and {Wilkins}, S. and 
	{Feng}, Y. and {Tucker}, E. and {DeGraf}, C. and {Liu}, M.-S.
	},
    title = "{The MassiveBlack-II simulation: the evolution of haloes and galaxies to z $\sim$ 0}",
  journal = {\mnras},
archivePrefix = "arXiv",
   eprint = {1402.0888},
 keywords = {methods: numerical, galaxies: evolution, galaxies: formation, quasars: general, cosmology: theory, large-scale structure of Universe},
     year = 2015,
    month = jun,
   volume = 450,
    pages = {1349-1374},
      doi = {10.1093/mnras/stv627},
   adsurl = {http://adsabs.harvard.edu/abs/2015MNRAS.450.1349K},
  adsnote = {Provided by the SAO/NASA Astrophysics Data System}
}


@ARTICLE{Menci2014,
       author = {{Menci}, N. and {Gatti}, M. and {Fiore}, F. and {Lamastra}, A.},
        title = "{Triggering active galactic nuclei in hierarchical galaxy formation: disk instability vs. interactions}",
      journal = {\aap},
     keywords = {galaxies: formation, galaxies: active, galaxies: evolution, galaxies: interactions, Astrophysics - Astrophysics of Galaxies},
         year = "2014",
        month = "Sep",
       volume = {569},
          eid = {A37},
        pages = {A37},
          doi = {10.1051/0004-6361/201424217},
archivePrefix = {arXiv},
       eprint = {1406.7740},
 primaryClass = {astro-ph.GA},
       adsurl = {https://ui.adsabs.harvard.edu/abs/2014A&A...569A..37M},
      adsnote = {Provided by the SAO/NASA Astrophysics Data System}
}

@ARTICLE{Mo1998,
   author = {{Mo}, H.~J. and {Mao}, S. and {White}, S.~D.~M.},
    title = "{The formation of galactic discs}",
  journal = {\mnras},
   eprint = {astro-ph/9707093},
 keywords = {GALAXIES: FORMATION, GALAXIES: SPIRAL, GALAXIES: STRUCTURE, COSMOLOGY: THEORY, DARK MATTER},
     year = 1998,
    month = apr,
   volume = 295,
    pages = {319-336},
      doi = {10.1046/j.1365-8711.1998.01227.x},
   adsurl = {https://ui.adsabs.harvard.edu/abs/1998MNRAS.295..319M},
  adsnote = {Provided by the SAO/NASA Astrophysics Data System}
}


@ARTICLE{Madau2001,
       author = {{Madau}, Piero and {Rees}, Martin J.},
        title = "{Massive Black Holes as Population III Remnants}",
      journal = {\apjl},
     keywords = {Black Hole Physics, Cosmology: Theory, Cosmology: Early Universe, Galaxies: Formation, Astrophysics},
         year = "2001",
        month = "Apr",
       volume = {551},
       number = {1},
        pages = {L27-L30},
          doi = {10.1086/319848},
archivePrefix = {arXiv},
       eprint = {astro-ph/0101223},
 primaryClass = {astro-ph},
       adsurl = {https://ui.adsabs.harvard.edu/abs/2001ApJ...551L..27M},
      adsnote = {Provided by the SAO/NASA Astrophysics Data System}
}

@ARTICLE{Efstathiou1982,
   author = {{Efstathiou}, G. and {Lake}, G. and {Negroponte}, J.},
    title = "{The stability and masses of disc galaxies}",
  journal = {\mnras},
 keywords = {Astronomical Models, Disk Galaxies, Dynamic Stability, Galactic Evolution, Mass, Astronomical Photometry, Density Distribution, Galactic Rotation, Mass To Light Ratios},
     year = 1982,
    month = jun,
   volume = 199,
    pages = {1069-1088},
      doi = {10.1093/mnras/199.4.1069},
   adsurl = {https://ui.adsabs.harvard.edu/abs/1982MNRAS.199.1069E},
  adsnote = {Provided by the SAO/NASA Astrophysics Data System}
}

@ARTICLE{Hopkins2011,
       author = {{Hopkins}, Philip F. and {Quataert}, Eliot},
        title = "{An analytic model of angular momentum transport by gravitational torques: from galaxies to massive black holes}",
      journal = {\mnras},
     keywords = {galaxies: active, galaxies: evolution, quasars: general, cosmology: theory, Astrophysics - Cosmology and Extragalactic Astrophysics, Astrophysics - Galaxy Astrophysics, Astrophysics - High Energy Astrophysical Phenomena},
         year = "2011",
        month = "Aug",
       volume = {415},
       number = {2},
        pages = {1027-1050},
          doi = {10.1111/j.1365-2966.2011.18542.x},
archivePrefix = {arXiv},
       eprint = {1007.2647},
 primaryClass = {astro-ph.CO},
       adsurl = {https://ui.adsabs.harvard.edu/abs/2011MNRAS.415.1027H},
      adsnote = {Provided by the SAO/NASA Astrophysics Data System}
}

@ARTICLE{Menci2008,
   author = {{Menci}, N. and {Fiore}, F. and {Puccetti}, S. and {Cavaliere}, A.
	},
    title = "{The Blast Wave Model for AGN Feedback: Effects on AGN Obscuration}",
  journal = {\apj},
archivePrefix = "arXiv",
   eprint = {0806.4543},
 keywords = {galaxies: clusters: general, galaxies: evolution, galaxies: formation},
     year = 2008,
    month = oct,
   volume = 686,
    pages = {219-229},
      doi = {10.1086/591438},
   adsurl = {https://ui.adsabs.harvard.edu/abs/2008ApJ...686..219M},
  adsnote = {Provided by the SAO/NASA Astrophysics Data System}
}


@ARTICLE{Chartas2002,
   author = {{Chartas}, G. and {Brandt}, W.~N. and {Gallagher}, S.~C. and 
	{Garmire}, G.~P.},
    title = "{CHANDRA Detects Relativistic Broad Absorption Lines from APM 08279+5255}",
  journal = {\apj},
   eprint = {astro-ph/0207196},
 keywords = {Galaxies: Active, Cosmology: Gravitational Lensing, Galaxies: Quasars: Absorption Lines, Galaxies: Quasars: Individual: Alphanumeric: APM 08279+5255, X-Rays: Galaxies},
     year = 2002,
    month = nov,
   volume = 579,
    pages = {169-175},
      doi = {10.1086/342744},
   adsurl = {https://ui.adsabs.harvard.edu/abs/2002ApJ...579..169C},
  adsnote = {Provided by the SAO/NASA Astrophysics Data System}
}

@ARTICLE{Pounds2003,
   author = {{Pounds}, K.~A. and {King}, A.~R. and {Page}, K.~L. and {O'Brien}, P.~T.
	},
    title = "{Evidence of a high-velocity ionized outflow in a second narrow-line quasar PG 0844+349}",
  journal = {\mnras},
   eprint = {astro-ph/0305571},
 keywords = {galaxies: active, galaxies: individual: PG 0844+149, galaxies: Seyfert, X-rays: galaxies},
     year = 2003,
    month = dec,
   volume = 346,
    pages = {1025-1030},
      doi = {10.1111/j.1365-2966.2003.07164.x},
   adsurl = {https://ui.adsabs.harvard.edu/abs/2003MNRAS.346.1025P},
  adsnote = {Provided by the SAO/NASA Astrophysics Data System}
}


@ARTICLE{2014MNRAS.444.1518V,
       author = {{Vogelsberger}, Mark and {Genel}, Shy and {Springel}, Volker and {Torrey}, Paul and {Sijacki}, Debora and {Xu}, Dandan and {Snyder}, Greg and {Nelson}, Dylan and {Hernquist}, Lars},
        title = "{Introducing the Illustris Project: simulating the coevolution of dark and visible matter in the Universe}",
      journal = {\mnras},
     keywords = {methods: numerical, cosmology: theory, Astrophysics - Cosmology and Nongalactic Astrophysics},
         year = 2014,
        month = oct,
       volume = {444},
       number = {2},
        pages = {1518-1547},
          doi = {10.1093/mnras/stu1536},
archivePrefix = {arXiv},
       eprint = {1405.2921},
 primaryClass = {astro-ph.CO},
       adsurl = {https://ui.adsabs.harvard.edu/abs/2014MNRAS.444.1518V},
      adsnote = {Provided by the SAO/NASA Astrophysics Data System}
}

@ARTICLE{2014Natur.509..177V,
       author = {{Vogelsberger}, M. and {Genel}, S. and {Springel}, V. and {Torrey}, P. and {Sijacki}, D. and {Xu}, D. and {Snyder}, G. and {Bird}, S. and {Nelson}, D. and {Hernquist}, L.},
        title = "{Properties of galaxies reproduced by a hydrodynamic simulation}",
      journal = {\nat},
     keywords = {Astrophysics - Cosmology and Nongalactic Astrophysics},
         year = 2014,
        month = may,
       volume = {509},
       number = {7499},
        pages = {177-182},
          doi = {10.1038/nature13316},
archivePrefix = {arXiv},
       eprint = {1405.1418},
 primaryClass = {astro-ph.CO},
       adsurl = {https://ui.adsabs.harvard.edu/abs/2014Natur.509..177V},
      adsnote = {Provided by the SAO/NASA Astrophysics Data System}
}


@ARTICLE{2010MNRAS.401..791S,
       author = {{Springel}, Volker},
        title = "{E pur si muove: Galilean-invariant cosmological hydrodynamical simulations on a moving mesh}",
      journal = {\mnras},
     keywords = {methods: numerical, galaxies: interactions, cosmology: dark matter, Astrophysics - Cosmology and Nongalactic Astrophysics},
         year = 2010,
        month = jan,
       volume = {401},
       number = {2},
        pages = {791-851},
          doi = {10.1111/j.1365-2966.2009.15715.x},
archivePrefix = {arXiv},
       eprint = {0901.4107},
 primaryClass = {astro-ph.CO},
       adsurl = {https://ui.adsabs.harvard.edu/abs/2010MNRAS.401..791S},
      adsnote = {Provided by the SAO/NASA Astrophysics Data System}
}

@ARTICLE{2013MNRAS.436.3031V,
       author = {{Vogelsberger}, Mark and {Genel}, Shy and {Sijacki}, Debora and {Torrey}, Paul and {Springel}, Volker and {Hernquist}, Lars},
        title = "{A model for cosmological simulations of galaxy formation physics}",
      journal = {\mnras},
     keywords = {methods: numerical, cosmology: theory, Astrophysics - Cosmology and Nongalactic Astrophysics},
         year = 2013,
        month = dec,
       volume = {436},
       number = {4},
        pages = {3031-3067},
          doi = {10.1093/mnras/stt1789},
archivePrefix = {arXiv},
       eprint = {1305.2913},
 primaryClass = {astro-ph.CO},
       adsurl = {https://ui.adsabs.harvard.edu/abs/2013MNRAS.436.3031V},
      adsnote = {Provided by the SAO/NASA Astrophysics Data System}
}

@ARTICLE{2014MNRAS.438.1985T,
       author = {{Torrey}, Paul and {Vogelsberger}, Mark and {Genel}, Shy and {Sijacki}, Debora and {Springel}, Volker and {Hernquist}, Lars},
        title = "{A model for cosmological simulations of galaxy formation physics: multi-epoch validation}",
      journal = {\mnras},
     keywords = {methods: numerical, galaxies: evolution, galaxies: formation, cosmology: theory, Astrophysics - Cosmology and Nongalactic Astrophysics},
         year = 2014,
        month = mar,
       volume = {438},
       number = {3},
        pages = {1985-2004},
          doi = {10.1093/mnras/stt2295},
archivePrefix = {arXiv},
       eprint = {1305.4931},
 primaryClass = {astro-ph.CO},
       adsurl = {https://ui.adsabs.harvard.edu/abs/2014MNRAS.438.1985T},
      adsnote = {Provided by the SAO/NASA Astrophysics Data System}
}


@ARTICLE{2013ApJS..208...19H,
       author = {{Hinshaw}, G. and {Larson}, D. and {Komatsu}, E. and {Spergel}, D.~N. and {Bennett}, C.~L. and {Dunkley}, J. and {Nolta}, M.~R. and {Halpern}, M. and {Hill}, R.~S. and {Odegard}, N. and {Page}, L. and {Smith}, K.~M. and {Weiland}, J.~L. and {Gold}, B. and {Jarosik}, N. and {Kogut}, A. and {Limon}, M. and {Meyer}, S.~S. and {Tucker}, G.~S. and {Wollack}, E. and {Wright}, E.~L.},
        title = "{Nine-year Wilkinson Microwave Anisotropy Probe (WMAP) Observations: Cosmological Parameter Results}",
      journal = {\apjs},
     keywords = {cosmic background radiation, cosmology: observations, dark matter, early universe, instrumentation: detectors, space vehicles, space vehicles: instruments, telescopes, Astrophysics - Cosmology and Nongalactic Astrophysics},
         year = 2013,
        month = oct,
       volume = {208},
       number = {2},
          eid = {19},
        pages = {19},
          doi = {10.1088/0067-0049/208/2/19},
archivePrefix = {arXiv},
       eprint = {1212.5226},
 primaryClass = {astro-ph.CO},
       adsurl = {https://ui.adsabs.harvard.edu/abs/2013ApJS..208...19H},
      adsnote = {Provided by the SAO/NASA Astrophysics Data System}
}


@ARTICLE{2009MNRAS.398...53B,
       author = {{Booth}, C.~M. and {Schaye}, Joop},
        title = "{Cosmological simulations of the growth of supermassive black holes and feedback from active galactic nuclei: method and tests}",
      journal = {\mnras},
     keywords = {hydrodynamics, galaxies: active, galaxies: evolution, galaxies: formation, quasars: general, cosmology: theory, Astrophysics - Cosmology and Nongalactic Astrophysics, Astrophysics - Astrophysics of Galaxies},
         year = 2009,
        month = sep,
       volume = {398},
       number = {1},
        pages = {53-74},
          doi = {10.1111/j.1365-2966.2009.15043.x},
archivePrefix = {arXiv},
       eprint = {0904.2572},
 primaryClass = {astro-ph.CO},
       adsurl = {https://ui.adsabs.harvard.edu/abs/2009MNRAS.398...53B},
      adsnote = {Provided by the SAO/NASA Astrophysics Data System}
}

@ARTICLE{2018MNRAS.475..676S,
       author = {{Springel}, Volker and {Pakmor}, R{\"u}diger and {Pillepich}, Annalisa and {Weinberger}, Rainer and {Nelson}, Dylan and {Hernquist}, Lars and {Vogelsberger}, Mark and {Genel}, Shy and {Torrey}, Paul and {Marinacci}, Federico and {Naiman}, Jill},
        title = "{First results from the IllustrisTNG simulations: matter and galaxy clustering}",
      journal = {\mnras},
     keywords = {methods: numerical, galaxy formation, large-scale structure of Universe, Astrophysics - Astrophysics of Galaxies, Astrophysics - Cosmology and Nongalactic Astrophysics},
         year = 2018,
        month = mar,
       volume = {475},
       number = {1},
        pages = {676-698},
          doi = {10.1093/mnras/stx3304},
archivePrefix = {arXiv},
       eprint = {1707.03397},
 primaryClass = {astro-ph.GA},
       adsurl = {https://ui.adsabs.harvard.edu/abs/2018MNRAS.475..676S},
      adsnote = {Provided by the SAO/NASA Astrophysics Data System}
}


@ARTICLE{2018MNRAS.473.4077P,
       author = {{Pillepich}, Annalisa and {Springel}, Volker and {Nelson}, Dylan and {Genel}, Shy and {Naiman}, Jill and {Pakmor}, R{\"u}diger and {Hernquist}, Lars and {Torrey}, Paul and {Vogelsberger}, Mark and {Weinberger}, Rainer and {Marinacci}, Federico},
        title = "{Simulating galaxy formation with the IllustrisTNG model}",
      journal = {\mnras},
     keywords = {methods: numerical, galaxies: evolution, galaxies: formation, Astrophysics - Astrophysics of Galaxies, Astrophysics - Cosmology and Nongalactic Astrophysics},
         year = 2018,
        month = jan,
       volume = {473},
       number = {3},
        pages = {4077-4106},
          doi = {10.1093/mnras/stx2656},
archivePrefix = {arXiv},
       eprint = {1703.02970},
 primaryClass = {astro-ph.GA},
       adsurl = {https://ui.adsabs.harvard.edu/abs/2018MNRAS.473.4077P},
      adsnote = {Provided by the SAO/NASA Astrophysics Data System}
}

@ARTICLE{2017MNRAS.465.3291W,
       author = {{Weinberger}, Rainer and {Springel}, Volker and {Hernquist}, Lars and {Pillepich}, Annalisa and {Marinacci}, Federico and {Pakmor}, R{\"u}diger and {Nelson}, Dylan and {Genel}, Shy and {Vogelsberger}, Mark and {Naiman}, Jill and {Torrey}, Paul},
        title = "{Simulating galaxy formation with black hole driven thermal and kinetic feedback}",
      journal = {\mnras},
     keywords = {black hole physics, methods: numerical, galaxies: clusters: general, galaxies: evolution, galaxies: formation, cosmology: theory, Astrophysics - Astrophysics of Galaxies},
         year = 2017,
        month = mar,
       volume = {465},
       number = {3},
        pages = {3291-3308},
          doi = {10.1093/mnras/stw2944},
archivePrefix = {arXiv},
       eprint = {1607.03486},
 primaryClass = {astro-ph.GA},
       adsurl = {https://ui.adsabs.harvard.edu/abs/2017MNRAS.465.3291W},
      adsnote = {Provided by the SAO/NASA Astrophysics Data System}
}



@ARTICLE{2018MNRAS.479.4056W,
       author = {{Weinberger}, Rainer and {Springel}, Volker and {Pakmor}, R{\"u}diger and {Nelson}, Dylan and {Genel}, Shy and {Pillepich}, Annalisa and {Vogelsberger}, Mark and {Marinacci}, Federico and {Naiman}, Jill and {Torrey}, Paul and {Hernquist}, Lars},
        title = "{Supermassive black holes and their feedback effects in the IllustrisTNG simulation}",
      journal = {\mnras},
     keywords = {methods: numerical, galaxies: active, galaxies: evolution, galaxies: general, galaxies: Seyfert, Astrophysics - Astrophysics of Galaxies, Astrophysics - High Energy Astrophysical Phenomena},
         year = 2018,
        month = sep,
       volume = {479},
       number = {3},
        pages = {4056-4072},
          doi = {10.1093/mnras/sty1733},
archivePrefix = {arXiv},
       eprint = {1710.04659},
 primaryClass = {astro-ph.GA},
       adsurl = {https://ui.adsabs.harvard.edu/abs/2018MNRAS.479.4056W},
      adsnote = {Provided by the SAO/NASA Astrophysics Data System}
}


@ARTICLE{2016A&A...594A..13P,
       author = {{Planck Collaboration} and {Ade}, P.~A.~R. and {Aghanim}, N. and {Arnaud}, M. and {Ashdown}, M. and {Aumont}, J. and {Baccigalupi}, C. and {Banday}, A.~J. and {Barreiro}, R.~B. and {Bartlett}, J.~G. and {Bartolo}, N. and {Battaner}, E. and {Battye}, R. and {Benabed}, K. and {Beno{\^\i}t}, A. and {Benoit-L{\'e}vy}, A. and {Bernard}, J. -P. and {Bersanelli}, M. and {Bielewicz}, P. and {Bock}, J.~J. and {Bonaldi}, A. and {Bonavera}, L. and {Bond}, J.~R. and {Borrill}, J. and {Bouchet}, F.~R. and {Boulanger}, F. and {Bucher}, M. and {Burigana}, C. and {Butler}, R.~C. and {Calabrese}, E. and {Cardoso}, J. -F. and {Catalano}, A. and {Challinor}, A. and {Chamballu}, A. and {Chary}, R. -R. and {Chiang}, H.~C. and {Chluba}, J. and {Christensen}, P.~R. and {Church}, S. and {Clements}, D.~L. and {Colombi}, S. and {Colombo}, L.~P.~L. and {Combet}, C. and {Coulais}, A. and {Crill}, B.~P. and {Curto}, A. and {Cuttaia}, F. and {Danese}, L. and {Davies}, R.~D. and {Davis}, R.~J. and {de Bernardis}, P. and {de Rosa}, A. and {de Zotti}, G. and {Delabrouille}, J. and {D{\'e}sert}, F. -X. and {Di Valentino}, E. and {Dickinson}, C. and {Diego}, J.~M. and {Dolag}, K. and {Dole}, H. and {Donzelli}, S. and {Dor{\'e}}, O. and {Douspis}, M. and {Ducout}, A. and {Dunkley}, J. and {Dupac}, X. and {Efstathiou}, G. and {Elsner}, F. and {En{\ss}lin}, T.~A. and {Eriksen}, H.~K. and {Farhang}, M. and {Fergusson}, J. and {Finelli}, F. and {Forni}, O. and {Frailis}, M. and {Fraisse}, A.~A. and {Franceschi}, E. and {Frejsel}, A. and {Galeotta}, S. and {Galli}, S. and {Ganga}, K. and {Gauthier}, C. and {Gerbino}, M. and {Ghosh}, T. and {Giard}, M. and {Giraud-H{\'e}raud}, Y. and {Giusarma}, E. and {Gjerl{\o}w}, E. and {Gonz{\'a}lez-Nuevo}, J. and {G{\'o}rski}, K.~M. and {Gratton}, S. and {Gregorio}, A. and {Gruppuso}, A. and {Gudmundsson}, J.~E. and {Hamann}, J. and {Hansen}, F.~K. and {Hanson}, D. and {Harrison}, D.~L. and {Helou}, G. and {Henrot-Versill{\'e}}, S. and {Hern{\'a}ndez-Monteagudo}, C. and {Herranz}, D. and {Hildebrandt}, S.~R. and {Hivon}, E. and {Hobson}, M. and {Holmes}, W.~A. and {Hornstrup}, A. and {Hovest}, W. and {Huang}, Z. and {Huffenberger}, K.~M. and {Hurier}, G. and {Jaffe}, A.~H. and {Jaffe}, T.~R. and {Jones}, W.~C. and {Juvela}, M. and {Keih{\"a}nen}, E. and {Keskitalo}, R. and {Kisner}, T.~S. and {Kneissl}, R. and {Knoche}, J. and {Knox}, L. and {Kunz}, M. and {Kurki-Suonio}, H. and {Lagache}, G. and {L{\"a}hteenm{\"a}ki}, A. and {Lamarre}, J. -M. and {Lasenby}, A. and {Lattanzi}, M. and {Lawrence}, C.~R. and {Leahy}, J.~P. and {Leonardi}, R. and {Lesgourgues}, J. and {Levrier}, F. and {Lewis}, A. and {Liguori}, M. and {Lilje}, P.~B. and {Linden-V{\o}rnle}, M. and {L{\'o}pez-Caniego}, M. and {Lubin}, P.~M. and {Mac{\'\i}as-P{\'e}rez}, J.~F. and {Maggio}, G. and {Maino}, D. and {Mandolesi}, N. and {Mangilli}, A. and {Marchini}, A. and {Maris}, M. and {Martin}, P.~G. and {Martinelli}, M. and {Mart{\'\i}nez-Gonz{\'a}lez}, E. and {Masi}, S. and {Matarrese}, S. and {McGehee}, P. and {Meinhold}, P.~R. and {Melchiorri}, A. and {Melin}, J. -B. and {Mendes}, L. and {Mennella}, A. and {Migliaccio}, M. and {Millea}, M. and {Mitra}, S. and {Miville-Desch{\^e}nes}, M. -A. and {Moneti}, A. and {Montier}, L. and {Morgante}, G. and {Mortlock}, D. and {Moss}, A. and {Munshi}, D. and {Murphy}, J.~A. and {Naselsky}, P. and {Nati}, F. and {Natoli}, P. and {Netterfield}, C.~B. and {N{\o}rgaard-Nielsen}, H.~U. and {Noviello}, F. and {Novikov}, D. and {Novikov}, I. and {Oxborrow}, C.~A. and {Paci}, F. and {Pagano}, L. and {Pajot}, F. and {Paladini}, R. and {Paoletti}, D. and {Partridge}, B. and {Pasian}, F. and {Patanchon}, G. and {Pearson}, T.~J. and {Perdereau}, O. and {Perotto}, L. and {Perrotta}, F. and {Pettorino}, V. and {Piacentini}, F. and {Piat}, M. and {Pierpaoli}, E. and {Pietrobon}, D. and {Plaszczynski}, S. and {Pointecouteau}, E. and {Polenta}, G. and {Popa}, L. and {Pratt}, G.~W. and {Pr{\'e}zeau}, G. and {Prunet}, S. and {Puget}, J. -L. and {Rachen}, J.~P. and {Reach}, W.~T. and {Rebolo}, R. and {Reinecke}, M. and {Remazeilles}, M. and {Renault}, C. and {Renzi}, A. and {Ristorcelli}, I. and {Rocha}, G. and {Rosset}, C. and {Rossetti}, M. and {Roudier}, G. and {Rouill{\'e} d'Orfeuil}, B. and {Rowan-Robinson}, M. and {Rubi{\~n}o-Mart{\'\i}n}, J.~A. and {Rusholme}, B. and {Said}, N. and {Salvatelli}, V. and {Salvati}, L. and {Sandri}, M. and {Santos}, D. and {Savelainen}, M. and {Savini}, G. and {Scott}, D. and {Seiffert}, M.~D. and {Serra}, P. and {Shellard}, E.~P.~S. and {Spencer}, L.~D. and {Spinelli}, M. and {Stolyarov}, V. and {Stompor}, R. and {Sudiwala}, R. and {Sunyaev}, R. and {Sutton}, D. and {Suur-Uski}, A. -S. and {Sygnet}, J. -F. and {Tauber}, J.~A. and {Terenzi}, L. and {Toffolatti}, L. and {Tomasi}, M. and {Tristram}, M. and {Trombetti}, T. and {Tucci}, M. and {Tuovinen}, J. and {T{\"u}rler}, M. and {Umana}, G. and {Valenziano}, L. and {Valiviita}, J. and {Van Tent}, F. and {Vielva}, P. and {Villa}, F. and {Wade}, L.~A. and {Wandelt}, B.~D. and {Wehus}, I.~K. and {White}, M. and {White}, S.~D.~M. and {Wilkinson}, A. and {Yvon}, D. and {Zacchei}, A. and {Zonca}, A.},
        title = "{Planck 2015 results. XIII. Cosmological parameters}",
      journal = {\aap},
     keywords = {cosmology: observations, cosmology: theory, cosmic background radiation, cosmological parameters, Astrophysics - Cosmology and Nongalactic Astrophysics},
         year = 2016,
        month = sep,
       volume = {594},
          eid = {A13},
        pages = {A13},
          doi = {10.1051/0004-6361/201525830},
archivePrefix = {arXiv},
       eprint = {1502.01589},
 primaryClass = {astro-ph.CO},
       adsurl = {https://ui.adsabs.harvard.edu/abs/2016A&A...594A..13P},
      adsnote = {Provided by the SAO/NASA Astrophysics Data System}
}

@ARTICLE{2014MNRAS.444.1453D,
       author = {{Dubois}, Y. and {Pichon}, C. and {Welker}, C. and {Le Borgne}, D. and {Devriendt}, J. and {Laigle}, C. and {Codis}, S. and {Pogosyan}, D. and {Arnouts}, S. and {Benabed}, K. and {Bertin}, E. and {Blaizot}, J. and {Bouchet}, F. and {Cardoso}, J. -F. and {Colombi}, S. and {de Lapparent}, V. and {Desjacques}, V. and {Gavazzi}, R. and {Kassin}, S. and {Kimm}, T. and {McCracken}, H. and {Milliard}, B. and {Peirani}, S. and {Prunet}, S. and {Rouberol}, S. and {Silk}, J. and {Slyz}, A. and {Sousbie}, T. and {Teyssier}, R. and {Tresse}, L. and {Treyer}, M. and {Vibert}, D. and {Volonteri}, M.},
        title = "{Dancing in the dark: galactic properties trace spin swings along the cosmic web}",
      journal = {\mnras},
     keywords = {methods: numerical, galaxies: evolution, galaxies: formation, galaxies: kinematics and dynamics, cosmology: theory, large-scale structure of Universe, Astrophysics - Cosmology and Nongalactic Astrophysics},
         year = 2014,
        month = oct,
       volume = {444},
       number = {2},
        pages = {1453-1468},
          doi = {10.1093/mnras/stu1227},
archivePrefix = {arXiv},
       eprint = {1402.1165},
 primaryClass = {astro-ph.CO},
       adsurl = {https://ui.adsabs.harvard.edu/abs/2014MNRAS.444.1453D},
      adsnote = {Provided by the SAO/NASA Astrophysics Data System}
}



@ARTICLE{2016MNRAS.463.3948D,
       author = {{Dubois}, Yohan and {Peirani}, S{\'e}bastien and {Pichon}, Christophe and {Devriendt}, Julien and {Gavazzi}, Rapha{\"e}l and {Welker}, Charlotte and {Volonteri}, Marta},
        title = "{The HORIZON-AGN simulation: morphological diversity of galaxies promoted by AGN feedback}",
      journal = {\mnras},
     keywords = {methods: numerical, galaxies: active, galaxies: evolution, galaxies: formation, galaxies: kinematics and dynamics, Astrophysics - Astrophysics of Galaxies},
         year = 2016,
        month = dec,
       volume = {463},
       number = {4},
        pages = {3948-3964},
          doi = {10.1093/mnras/stw2265},
archivePrefix = {arXiv},
       eprint = {1606.03086},
 primaryClass = {astro-ph.GA},
       adsurl = {https://ui.adsabs.harvard.edu/abs/2016MNRAS.463.3948D},
      adsnote = {Provided by the SAO/NASA Astrophysics Data System}
}

@ARTICLE{2002A&A...385..337T,
       author = {{Teyssier}, R.},
        title = "{Cosmological hydrodynamics with adaptive mesh refinement. A new high resolution code called RAMSES}",
      journal = {\aap},
     keywords = {GRAVITATION, HYDRODYNAMICS, METHODS: NUMERICAL, COSMOLOGY: THEORY, COSMOLOGY: LARGE-SCALE STRUCTURE OF UNIVERSE, Astrophysics},
         year = 2002,
        month = apr,
       volume = {385},
        pages = {337-364},
          doi = {10.1051/0004-6361:20011817},
archivePrefix = {arXiv},
       eprint = {astro-ph/0111367},
 primaryClass = {astro-ph},
       adsurl = {https://ui.adsabs.harvard.edu/abs/2002A&A...385..337T},
      adsnote = {Provided by the SAO/NASA Astrophysics Data System}
}

@ARTICLE{2016MNRAS.460.2979V,
       author = {{Volonteri}, M. and {Dubois}, Y. and {Pichon}, C. and {Devriendt}, J.},
        title = "{The cosmic evolution of massive black holes in the Horizon-AGN simulation}",
      journal = {\mnras},
     keywords = {methods: numerical, galaxies: active, galaxies: evolution, Astrophysics - Astrophysics of Galaxies, Astrophysics - Cosmology and Nongalactic Astrophysics, Astrophysics - High Energy Astrophysical Phenomena},
         year = 2016,
        month = aug,
       volume = {460},
       number = {3},
        pages = {2979-2996},
          doi = {10.1093/mnras/stw1123},
archivePrefix = {arXiv},
       eprint = {1602.01941},
 primaryClass = {astro-ph.GA},
       adsurl = {https://ui.adsabs.harvard.edu/abs/2016MNRAS.460.2979V},
      adsnote = {Provided by the SAO/NASA Astrophysics Data System}
}

@ARTICLE{2012MNRAS.420.2662D,
       author = {{Dubois}, Yohan and {Devriendt}, Julien and {Slyz}, Adrianne and {Teyssier}, Romain},
        title = "{Self-regulated growth of supermassive black holes by a dual jet-heating active galactic nucleus feedback mechanism: methods, tests and implications for cosmological simulations}",
      journal = {\mnras},
     keywords = {methods: numerical, galaxies: active, galaxies: evolution, galaxies: jets, quasars: general, Astrophysics - Cosmology and Nongalactic Astrophysics},
         year = 2012,
        month = mar,
       volume = {420},
       number = {3},
        pages = {2662-2683},
          doi = {10.1111/j.1365-2966.2011.20236.x},
archivePrefix = {arXiv},
       eprint = {1108.0110},
 primaryClass = {astro-ph.CO},
       adsurl = {https://ui.adsabs.harvard.edu/abs/2012MNRAS.420.2662D},
      adsnote = {Provided by the SAO/NASA Astrophysics Data System}
}

@ARTICLE{Kormendy13,
   author = {{Kormendy}, J. and {Ho}, L.~C.},
    title = "{Coevolution (Or Not) of Supermassive Black Holes and Host Galaxies}",
  journal = {\araa},
archivePrefix = "arXiv",
   eprint = {1304.7762},
     year = 2013,
    month = aug,
   volume = 51,
    pages = {511-653},
      doi = {10.1146/annurev-astro-082708-101811},
   adsurl = {http://adsabs.harvard.edu/abs/2013ARA%26A..51..511K},
  adsnote = {Provided by the SAO/NASA Astrophysics Data System}
}

@ARTICLE{Reines2015,
       author = {{Reines}, Amy E. and {Volonteri}, Marta},
        title = "{Relations between Central Black Hole Mass and Total Galaxy Stellar Mass in the Local Universe}",
      journal = {\apj},
     keywords = {galaxies: active, galaxies: evolution, galaxies: nuclei, galaxies: Seyfert, Astrophysics - Astrophysics of Galaxies},
         year = "2015",
        month = "Nov",
       volume = {813},
       number = {2},
          eid = {82},
        pages = {82},
          doi = {10.1088/0004-637X/813/2/82},
archivePrefix = {arXiv},
       eprint = {1508.06274},
 primaryClass = {astro-ph.GA},
       adsurl = {https://ui.adsabs.harvard.edu/abs/2015ApJ...813...82R},
      adsnote = {Provided by the SAO/NASA Astrophysics Data System}
}

@ARTICLE{2001AJ....122..549V,
       author = {{Vanden Berk}, Daniel E. and {Richards}, Gordon T. and {Bauer}, Amanda and {Strauss}, Michael A. and {Schneider}, Donald P. and {Heckman}, Timothy M. and {York}, Donald G. and {Hall}, Patrick B. and {Fan}, Xiaohui and {Knapp}, G.~R. and {Anderson}, Scott F. and {Annis}, James and {Bahcall}, Neta A. and {Bernardi}, Mariangela and {Briggs}, John W. and {Brinkmann}, J. and {Brunner}, Robert and {Burles}, Scott and {Carey}, Larry and {Castander}, Francisco J. and {Connolly}, A.~J. and {Crocker}, J.~H. and {Csabai}, Istv{\'a}n and {Doi}, Mamoru and {Finkbeiner}, Douglas and {Friedman}, Scott and {Frieman}, Joshua A. and {Fukugita}, Masataka and {Gunn}, James E. and {Hennessy}, G.~S. and {Ivezi{\'c}}, {\v{Z}}eljko and {Kent}, Stephen and {Kunszt}, Peter Z. and {Lamb}, D.~Q. and {Leger}, R. French and {Long}, Daniel C. and {Loveday}, Jon and {Lupton}, Robert H. and {Meiksin}, Avery and {Merelli}, Aronne and {Munn}, Jeffrey A. and {Newberg}, Heidi Jo and {Newcomb}, Matt and {Nichol}, R.~C. and {Owen}, Russell and {Pier}, Jeffrey R. and {Pope}, Adrian and {Rockosi}, Constance M. and {Schlegel}, David J. and {Siegmund}, Walter A. and {Smee}, Stephen and {Snir}, Yehuda and {Stoughton}, Chris and {Stubbs}, Christopher and {SubbaRao}, Mark and {Szalay}, Alexander S. and {Szokoly}, Gyula P. and {Tremonti}, Christy and {Uomoto}, Alan and {Waddell}, Patrick and {Yanny}, Brian and {Zheng}, Wei},
        title = "{Composite Quasar Spectra from the Sloan Digital Sky Survey}",
      journal = {\aj},
     keywords = {Galaxies: Quasars: Emission Lines, Galaxies: Quasars: General, Astrophysics},
         year = 2001,
        month = aug,
       volume = {122},
       number = {2},
        pages = {549-564},
          doi = {10.1086/321167},
archivePrefix = {arXiv},
       eprint = {astro-ph/0105231},
 primaryClass = {astro-ph},
       adsurl = {https://ui.adsabs.harvard.edu/abs/2001AJ....122..549V},
      adsnote = {Provided by the SAO/NASA Astrophysics Data System}
}

@ARTICLE{Schulze2018,
       author = {{Schulze}, Andreas and {Silverman}, John D. and {Kashino}, Daichi and {Akiyama}, Masayuki and {Schramm}, Malte and {Sanders}, Dave and {Kartaltepe}, Jeyhan and {Daddi}, Emanuele and {Rodighiero}, Giulia and {Renzini}, Alvio and {Arimoto}, Nobuo and {Nagao}, Tohru and {Puglisi}, Annagrazia and {Trakhtenbrot}, Benny and {Civano}, Francesca and {Suh}, Hyewon},
        title = "{An FMOS Survey of Moderate-luminosity, Broad-line AGNs in COSMOS, SXDS, and E-CDF-S}",
      journal = {\apjs},
     keywords = {galaxies: active, galaxies: nuclei, quasars: general, Astrophysics - Astrophysics of Galaxies, Astrophysics - Cosmology and Nongalactic Astrophysics},
         year = 2018,
        month = dec,
       volume = {239},
       number = {2},
          eid = {22},
        pages = {22},
          doi = {10.3847/1538-4365/aae82f},
archivePrefix = {arXiv},
       eprint = {1810.07445},
 primaryClass = {astro-ph.GA},
       adsurl = {https://ui.adsabs.harvard.edu/abs/2018ApJS..239...22S},
      adsnote = {Provided by the SAO/NASA Astrophysics Data System}
}

@ARTICLE{sutherland&dopita93,
   author = {{Sutherland}, R.~S. and {Dopita}, M.~A.},
    title = "{Cooling functions for low-density astrophysical plasmas}",
  journal = {\apjs},
     year = 1993,
    month = sep,
   volume = 88,
    pages = {253-327},
      doi = {10.1086/191823},
   adsurl = {http://adsabs.harvard.edu/abs/1993ApJS...88..253S},
  adsnote = {Provided by the Smithsonian/NASA Astrophysics Data System}
}

@ARTICLE{Menci2019,
       author = {{Menci}, N. and {Fiore}, F. and {Feruglio}, C. and {Lamastra}, A. and {Shankar}, F. and {Piconcelli}, E. and {Giallongo}, E. and {Grazian}, A.},
        title = "{Outflows in the Discs of Active Galaxies}",
      journal = {arXiv e-prints},
     keywords = {Astrophysics - Astrophysics of Galaxies, Astrophysics - High Energy Astrophysical Phenomena},
         year = 2019,
        month = apr,
          eid = {arXiv:1904.07621},
        pages = {arXiv:1904.07621},
archivePrefix = {arXiv},
       eprint = {1904.07621},
 primaryClass = {astro-ph.GA},
       adsurl = {https://ui.adsabs.harvard.edu/abs/2019arXiv190407621M},
      adsnote = {Provided by the SAO/NASA Astrophysics Data System}
}

@ARTICLE{Fiore2017,
       author = {{Fiore}, F. and {Feruglio}, C. and {Shankar}, F. and {Bischetti}, M. and {Bongiorno}, A. and {Brusa}, M. and {Carniani}, S. and {Cicone}, C. and {Duras}, F. and {Lamastra}, A. and {Mainieri}, V. and {Marconi}, A. and {Menci}, N. and {Maiolino}, R. and {Piconcelli}, E. and {Vietri}, G. and {Zappacosta}, L.},
        title = "{AGN wind scaling relations and the co-evolution of black holes and galaxies}",
      journal = {\aap},
     keywords = {galaxies: active, galaxies: evolution, quasars: general, Astrophysics - Astrophysics of Galaxies},
         year = 2017,
        month = may,
       volume = {601},
          eid = {A143},
        pages = {A143},
          doi = {10.1051/0004-6361/201629478},
archivePrefix = {arXiv},
       eprint = {1702.04507},
 primaryClass = {astro-ph.GA},
       adsurl = {https://ui.adsabs.harvard.edu/abs/2017A&A...601A.143F},
      adsnote = {Provided by the SAO/NASA Astrophysics Data System}
}

@ARTICLE{2017MNRAS.467.4739K,
       author = {{Kaviraj}, S. and {Laigle}, C. and {Kimm}, T. and {Devriendt}, J.~E.~G. and {Dubois}, Y. and {Pichon}, C. and {Slyz}, A. and {Chisari}, E. and {Peirani}, S.},
        title = "{The Horizon-AGN simulation: evolution of galaxy properties over cosmic time}",
      journal = {\mnras},
     keywords = {methods: numerical, galaxies: evolution, galaxies: formation, galaxies: high-redshift, cosmology: theory, large-scale structure of Universe, Astrophysics - Astrophysics of Galaxies},
         year = 2017,
        month = jun,
       volume = {467},
       number = {4},
        pages = {4739-4752},
          doi = {10.1093/mnras/stx126},
archivePrefix = {arXiv},
       eprint = {1605.09379},
 primaryClass = {astro-ph.GA},
       adsurl = {https://ui.adsabs.harvard.edu/abs/2017MNRAS.467.4739K},
      adsnote = {Provided by the SAO/NASA Astrophysics Data System}
}

@ARTICLE{Aubert+04,
   author = {{Aubert}, D. and {Pichon}, C. and {Colombi}, S.},
    title = "{The origin and implications of dark matter anisotropic cosmic infall on \~{}L$_{*}$ haloes}",
  journal = {\mnras},
   eprint = {arXiv:astro-ph/0402405},
 keywords = {galaxies: formation, galaxies: haloes, dark matter},
     year = 2004,
    month = aug,
   volume = 352,
    pages = {376-398},
      doi = {10.1111/j.1365-2966.2004.07883.x},
   adsurl = {http://cdsads.u-strasbg.fr/abs/2004MNRAS.352..376A},
  adsnote = {Provided by the SAO/NASA Astrophysics Data System}
}
@ARTICLE{Tweed+09,
   author = {{Tweed}, D. and {Devriendt}, J. and {Blaizot}, J. and {Colombi}, S. and 
	{Slyz}, A.},
    title = "{Building merger trees from cosmological N-body simulations. Towards improving galaxy formation models using subhaloes}",
  journal = {\aap},
archivePrefix = "arXiv",
   eprint = {0902.0679},
 keywords = {methods: numerical, methods: N-body simulations, cosmology: large-scale structure of Universe},
     year = 2009,
    month = nov,
   volume = 506,
    pages = {647-660},
      doi = {10.1051/0004-6361/200911787},
   adsurl = {http://adsabs.harvard.edu/abs/2009A%26A...506..647T},
  adsnote = {Provided by the SAO/NASA Astrophysics Data System}
}

@ARTICLE{Volonteri2021,
       author = {{Volonteri}, Marta and {Habouzit}, M{\'e}lanie and {Colpi}, Monica},
        title = "{The origins of massive black holes}",
      journal = {Nature Reviews Physics},
     keywords = {Astrophysics - Astrophysics of Galaxies},
         year = 2021,
        month = sep,
       volume = {3},
       number = {11},
        pages = {732-743},
          doi = {10.1038/s42254-021-00364-9},
archivePrefix = {arXiv},
       eprint = {2110.10175},
 primaryClass = {astro-ph.GA},
       adsurl = {https://ui.adsabs.harvard.edu/abs/2021NatRP...3..732V},
      adsnote = {Provided by the SAO/NASA Astrophysics Data System}
}

@ARTICLE{Habouzit2022,
       author = {{Habouzit}, Melanie and {Onoue}, Masafusa and {Banados}, Eduardo and {Neeleman}, Marcel and {Angles-Alcazar}, Daniel and {Walter}, Fabian and {Pillepich}, Annalisa and {Dave}, Romeel and {Jahnke}, Knud and {Dubois}, Yohan},
        title = "{Co-evolution of massive black holes and their host galaxies at high redshift: discrepancies from six cosmological simulations and the key role of JWST}",
      journal = {arXiv e-prints},
     keywords = {Astrophysics - Cosmology and Nongalactic Astrophysics, Astrophysics - Astrophysics of Galaxies},
         year = 2022,
        month = jan,
          eid = {arXiv:2201.09892},
        pages = {arXiv:2201.09892},
archivePrefix = {arXiv},
       eprint = {2201.09892},
 primaryClass = {astro-ph.CO},
       adsurl = {https://ui.adsabs.harvard.edu/abs/2022arXiv220109892H},
      adsnote = {Provided by the SAO/NASA Astrophysics Data System}
}

@ARTICLE{2011MNRAS.417.2085V,
       author = {{Volonteri}, M. and {Stark}, D.~P.},
        title = "{Assessing the redshift evolution of massive black holes and their hosts}",
      journal = {\mnras},
     keywords = {black hole physics, galaxies: evolution, galaxies: formation, quasars: general, Astrophysics - Cosmology and Nongalactic Astrophysics, Astrophysics - Astrophysics of Galaxies},
         year = 2011,
        month = nov,
       volume = {417},
       number = {3},
        pages = {2085-2093},
          doi = {10.1111/j.1365-2966.2011.19391.x},
archivePrefix = {arXiv},
       eprint = {1107.1946},
 primaryClass = {astro-ph.CO},
       adsurl = {https://ui.adsabs.harvard.edu/abs/2011MNRAS.417.2085V},
      adsnote = {Provided by the SAO/NASA Astrophysics Data System}
}

@ARTICLE{Genel2014,
       author = {{Genel}, Shy and {Vogelsberger}, Mark and {Springel}, Volker and {Sijacki}, Debora and {Nelson}, Dylan and {Snyder}, Greg and {Rodriguez-Gomez}, Vicente and {Torrey}, Paul and {Hernquist}, Lars},
        title = "{Introducing the Illustris project: the evolution of galaxy populations across cosmic time}",
      journal = {\mnras},
     keywords = {hydrodynamics, methods: numerical, galaxies: evolution, galaxies: formation, galaxies: high-redshift, cosmology: theory, Astrophysics - Cosmology and Nongalactic Astrophysics, Astrophysics - Astrophysics of Galaxies},
         year = 2014,
        month = nov,
       volume = {445},
       number = {1},
        pages = {175-200},
          doi = {10.1093/mnras/stu1654},
archivePrefix = {arXiv},
       eprint = {1405.3749},
 primaryClass = {astro-ph.CO},
       adsurl = {https://ui.adsabs.harvard.edu/abs/2014MNRAS.445..175G},
      adsnote = {Provided by the SAO/NASA Astrophysics Data System}
}


@ARTICLE{Nelson2015,
       author = {{Nelson}, D. and {Pillepich}, A. and {Genel}, S. and {Vogelsberger}, M. and {Springel}, V. and {Torrey}, P. and {Rodriguez-Gomez}, V. and {Sijacki}, D. and {Snyder}, G.~F. and {Griffen}, B. and {Marinacci}, F. and {Blecha}, L. and {Sales}, L. and {Xu}, D. and {Hernquist}, L.},
        title = "{The illustris simulation: Public data release}",
      journal = {Astronomy and Computing},
     keywords = {Methods: data analysis, Methods: numerical, Galaxies: formation, Galaxies: evolution, Data management systems, Data access methods, Astrophysics - Cosmology and Nongalactic Astrophysics, Astrophysics - Astrophysics of Galaxies, Astrophysics - High Energy Astrophysical Phenomena, Astrophysics - Instrumentation and Methods for Astrophysics},
         year = 2015,
        month = nov,
       volume = {13},
        pages = {12-37},
          doi = {10.1016/j.ascom.2015.09.003},
archivePrefix = {arXiv},
       eprint = {1504.00362},
 primaryClass = {astro-ph.CO},
       adsurl = {https://ui.adsabs.harvard.edu/abs/2015A&C....13...12N},
      adsnote = {Provided by the SAO/NASA Astrophysics Data System}
}

@ARTICLE{Naiman2018,
       author = {{Naiman}, Jill P. and {Pillepich}, Annalisa and {Springel}, Volker and {Ramirez-Ruiz}, Enrico and {Torrey}, Paul and {Vogelsberger}, Mark and {Pakmor}, R{\"u}diger and {Nelson}, Dylan and {Marinacci}, Federico and {Hernquist}, Lars and {Weinberger}, Rainer and {Genel}, Shy},
        title = "{First results from the IllustrisTNG simulations: a tale of two elements - chemical evolution of magnesium and europium}",
      journal = {\mnras},
     keywords = {methods: numerical, Galaxy: formation, cosmology: theory, Astrophysics - Astrophysics of Galaxies},
         year = 2018,
        month = jun,
       volume = {477},
       number = {1},
        pages = {1206-1224},
          doi = {10.1093/mnras/sty618},
archivePrefix = {arXiv},
       eprint = {1707.03401},
 primaryClass = {astro-ph.GA},
       adsurl = {https://ui.adsabs.harvard.edu/abs/2018MNRAS.477.1206N},
      adsnote = {Provided by the SAO/NASA Astrophysics Data System}
}


@ARTICLE{Marinacci2018,
       author = {{Marinacci}, Federico and {Vogelsberger}, Mark and {Pakmor}, R{\"u}diger and {Torrey}, Paul and {Springel}, Volker and {Hernquist}, Lars and {Nelson}, Dylan and {Weinberger}, Rainer and {Pillepich}, Annalisa and {Naiman}, Jill and {Genel}, Shy},
        title = "{First results from the IllustrisTNG simulations: radio haloes and magnetic fields}",
      journal = {\mnras},
     keywords = {magnetic fields, MHD, methods: numerical, galaxies: clusters: general, cosmology: theory, radio continuum: general, Astrophysics - Cosmology and Nongalactic Astrophysics},
         year = 2018,
        month = nov,
       volume = {480},
       number = {4},
        pages = {5113-5139},
          doi = {10.1093/mnras/sty2206},
archivePrefix = {arXiv},
       eprint = {1707.03396},
 primaryClass = {astro-ph.CO},
       adsurl = {https://ui.adsabs.harvard.edu/abs/2018MNRAS.480.5113M},
      adsnote = {Provided by the SAO/NASA Astrophysics Data System}
}

@ARTICLE{Nelson2018,
       author = {{Nelson}, Dylan and {Pillepich}, Annalisa and {Springel}, Volker and {Weinberger}, Rainer and {Hernquist}, Lars and {Pakmor}, R{\"u}diger and {Genel}, Shy and {Torrey}, Paul and {Vogelsberger}, Mark and {Kauffmann}, Guinevere and {Marinacci}, Federico and {Naiman}, Jill},
        title = "{First results from the IllustrisTNG simulations: the galaxy colour bimodality}",
      journal = {\mnras},
     keywords = {galaxies: evolution, galaxies: formation, Astrophysics - Astrophysics of Galaxies, Astrophysics - Cosmology and Nongalactic Astrophysics},
         year = 2018,
        month = mar,
       volume = {475},
       number = {1},
        pages = {624-647},
          doi = {10.1093/mnras/stx3040},
archivePrefix = {arXiv},
       eprint = {1707.03395},
 primaryClass = {astro-ph.GA},
       adsurl = {https://ui.adsabs.harvard.edu/abs/2018MNRAS.475..624N},
      adsnote = {Provided by the SAO/NASA Astrophysics Data System}
}

@ARTICLE{Dave2019,
       author = {{Dav{\'e}}, Romeel and {Angl{\'e}s-Alc{\'a}zar}, Daniel and {Narayanan}, Desika and {Li}, Qi and {Rafieferantsoa}, Mika H. and {Appleby}, Sarah},
        title = "{SIMBA: Cosmological simulations with black hole growth and feedback}",
      journal = {\mnras},
     keywords = {galaxies: evolution, galaxies: formation, Astrophysics - Astrophysics of Galaxies, Astrophysics - Cosmology and Nongalactic Astrophysics},
         year = 2019,
        month = jun,
       volume = {486},
       number = {2},
        pages = {2827-2849},
          doi = {10.1093/mnras/stz937},
archivePrefix = {arXiv},
       eprint = {1901.10203},
 primaryClass = {astro-ph.GA},
       adsurl = {https://ui.adsabs.harvard.edu/abs/2019MNRAS.486.2827D},
      adsnote = {Provided by the SAO/NASA Astrophysics Data System}
}


@ARTICLE{Crain2015,
       author = {{Crain}, Robert A. and {Schaye}, Joop and {Bower}, Richard G. and {Furlong}, Michelle and {Schaller}, Matthieu and {Theuns}, Tom and {Dalla Vecchia}, Claudio and {Frenk}, Carlos S. and {McCarthy}, Ian G. and {Helly}, John C. and {Jenkins}, Adrian and {Rosas-Guevara}, Yetli M. and {White}, Simon D.~M. and {Trayford}, James W.},
        title = "{The EAGLE simulations of galaxy formation: calibration of subgrid physics and model variations}",
      journal = {\mnras},
     keywords = {galaxies: evolution, galaxies: formation, galaxies: haloes, cosmology: theory, Astrophysics - Astrophysics of Galaxies},
         year = 2015,
        month = jun,
       volume = {450},
       number = {2},
        pages = {1937-1961},
          doi = {10.1093/mnras/stv725},
archivePrefix = {arXiv},
       eprint = {1501.01311},
 primaryClass = {astro-ph.GA},
       adsurl = {https://ui.adsabs.harvard.edu/abs/2015MNRAS.450.1937C},
      adsnote = {Provided by the SAO/NASA Astrophysics Data System}
}

@ARTICLE{McAlpine2016,
       author = {{McAlpine}, S. and {Helly}, J.~C. and {Schaller}, M. and {Trayford}, J.~W. and {Qu}, Y. and {Furlong}, M. and {Bower}, R.~G. and {Crain}, R.~A. and {Schaye}, J. and {Theuns}, T. and {Dalla Vecchia}, C. and {Frenk}, C.~S. and {McCarthy}, I.~G. and {Jenkins}, A. and {Rosas-Guevara}, Y. and {White}, S.~D.~M. and {Baes}, M. and {Camps}, P. and {Lemson}, G.},
        title = "{The EAGLE simulations of galaxy formation: Public release of halo and galaxy catalogues}",
      journal = {Astronomy and Computing},
     keywords = {Cosmology: theory, Galaxies: formation, Galaxies: evolution, Method: numerical, Astrophysics - Astrophysics of Galaxies, Astrophysics - Cosmology and Nongalactic Astrophysics},
         year = 2016,
        month = apr,
       volume = {15},
        pages = {72-89},
          doi = {10.1016/j.ascom.2016.02.004},
archivePrefix = {arXiv},
       eprint = {1510.01320},
 primaryClass = {astro-ph.GA},
       adsurl = {https://ui.adsabs.harvard.edu/abs/2016A&C....15...72M},
      adsnote = {Provided by the SAO/NASA Astrophysics Data System}
}

@ARTICLE{Bennert++2011,
   author = {{Bennert}, V.~N. and {Auger}, M.~W. and {Treu}, T. and {Woo}, J.-H. and 
	{Malkan}, M.~A.},
    title = "{A Local Baseline of the Black Hole Mass Scaling Relations for Active Galaxies. I. Methodology and Results of Pilot Study}",
  journal = {\apj},
archivePrefix = "arXiv",
   eprint = {1008.4602},
 keywords = {accretion, accretion disks, black hole physics, galaxies: active, galaxies: evolution, quasars: general},
     year = 2011,
    month = jan,
   volume = 726,
      eid = {59},
    pages = {59},
      doi = {10.1088/0004-637X/726/2/59},
   adsurl = {http://adsabs.harvard.edu/abs/2011ApJ...726...59B},
  adsnote = {Provided by the SAO/NASA Astrophysics Data System}
}

@ARTICLE{Weinberger2018,
       author = {{Weinberger}, Rainer and {Springel}, Volker and {Pakmor}, R{\"u}diger and {Nelson}, Dylan and {Genel}, Shy and {Pillepich}, Annalisa and {Vogelsberger}, Mark and {Marinacci}, Federico and {Naiman}, Jill and {Torrey}, Paul and {Hernquist}, Lars},
        title = "{Supermassive black holes and their feedback effects in the IllustrisTNG simulation}",
      journal = {\mnras},
     keywords = {methods: numerical, galaxies: active, galaxies: evolution, galaxies: general, galaxies: Seyfert, Astrophysics - Astrophysics of Galaxies, Astrophysics - High Energy Astrophysical Phenomena},
         year = 2018,
        month = sep,
       volume = {479},
       number = {3},
        pages = {4056-4072},
          doi = {10.1093/mnras/sty1733},
archivePrefix = {arXiv},
       eprint = {1710.04659},
 primaryClass = {astro-ph.GA},
       adsurl = {https://ui.adsabs.harvard.edu/abs/2018MNRAS.479.4056W},
      adsnote = {Provided by the SAO/NASA Astrophysics Data System}
}


@ARTICLE{1955ApJ...121..161S,
       author = {{Salpeter}, Edwin E.},
        title = "{The Luminosity Function and Stellar Evolution.}",
      journal = {\apj},
         year = 1955,
        month = jan,
       volume = {121},
        pages = {161},
          doi = {10.1086/145971},
       adsurl = {https://ui.adsabs.harvard.edu/abs/1955ApJ...121..161S},
      adsnote = {Provided by the SAO/NASA Astrophysics Data System}
}

@ARTICLE{Sun2015,
       author = {{Sun}, Mouyuan and {Trump}, Jonathan R. and {Brandt}, W.~N. and {Luo}, B. and {Alexander}, David M. and {Jahnke}, Knud and {Rosario}, D.~J. and {Wang}, Sharon X. and {Xue}, Y.~Q.},
        title = "{Evolution in the Black Hole{\textemdash}Galaxy Scaling Relations and the Duty Cycle of Nuclear Activity in Star-forming Galaxies}",
      journal = {\apj},
     keywords = {cosmology: observations, galaxies: active, galaxies: evolution, quasars: emission lines, Astrophysics - Astrophysics of Galaxies, Astrophysics - Cosmology and Nongalactic Astrophysics, Astrophysics - High Energy Astrophysical Phenomena},
         year = 2015,
        month = mar,
       volume = {802},
       number = {1},
          eid = {14},
        pages = {14},
          doi = {10.1088/0004-637X/802/1/14},
archivePrefix = {arXiv},
       eprint = {1502.01025},
 primaryClass = {astro-ph.GA},
       adsurl = {https://ui.adsabs.harvard.edu/abs/2015ApJ...802...14S},
      adsnote = {Provided by the SAO/NASA Astrophysics Data System}
}

@ARTICLE{2019MNRAS.490.4133B,
       author = {{Bustamante}, Sebastian and {Springel}, Volker},
        title = "{Spin evolution and feedback of supermassive black holes in cosmological simulations}",
      journal = {\mnras},
     keywords = {accretion, accretion discs, Black hole physics, methods: numerical, quasars: supermassive black holes, Astrophysics - Astrophysics of Galaxies},
         year = 2019,
        month = dec,
       volume = {490},
       number = {3},
        pages = {4133-4153},
          doi = {10.1093/mnras/stz2836},
archivePrefix = {arXiv},
       eprint = {1902.04651},
 primaryClass = {astro-ph.GA},
       adsurl = {https://ui.adsabs.harvard.edu/abs/2019MNRAS.490.4133B},
      adsnote = {Provided by the SAO/NASA Astrophysics Data System}
}


@ARTICLE{Dubois2014,
       author = {{Dubois}, Yohan and {Volonteri}, Marta and {Silk}, Joseph},
        title = "{Black hole evolution - III. Statistical properties of mass growth and spin evolution using large-scale hydrodynamical cosmological simulations}",
      journal = {\mnras},
     keywords = {methods: numerical, galaxies: active, galaxies: formation, cosmology: theory, Astrophysics - Cosmology and Nongalactic Astrophysics},
         year = 2014,
        month = may,
       volume = {440},
       number = {2},
        pages = {1590-1606},
          doi = {10.1093/mnras/stu373},
archivePrefix = {arXiv},
       eprint = {1304.4583},
 primaryClass = {astro-ph.CO},
       adsurl = {https://ui.adsabs.harvard.edu/abs/2014MNRAS.440.1590D},
      adsnote = {Provided by the SAO/NASA Astrophysics Data System}
}




